4320 5700
273 569 319 640 58
671 587 911 647 CATALOGUS
936 588 1312 652 ammaonmtttcns
1337 591 1462 651 Mnxt.

270 762 416 953 lpruarii
432 781 613 863 regnante
635 766 778 869 inclyto
797 771 1060 847 Maximillam
1081 773 1321 874 imperatore.
1342 773 1455 848 Char.
1476 770 1579 870 goth.
1596 769 1673 846 foll.
1698 797 1780 870 171.
1805 772 1885 849 tion

288 883 571 981 fflmffil

467 1023 568 1079 Editio
584 1044 635 1099 per
652 1044 719 1080 rara
737 1041 764 1081 et
782 1045 841 1082 non
852 1030 997 1085 recenlita.

373 1194 450 1288 167.
467 1233 513 1248 -
535 1195 799 1267 Commentario
816 1197 1055 1295 Epistolarmn
1073 1197 1394 1272 conficiendarum
1411 1196 1566 1270 Heariei
1577 1197 1726 1271 Bebelii
1741 1198 1884 1273 Jullin·

276 1309 393 1406 genlts
411 1309 552 1385 Poetae
575 1312 733 1386 laureati
754 1313 945 1411 poeticam
972 1331 1010 1388 et
1037 1315 1245 1389 oratoriam
1275 1316 1427 1414 publice
1452 1315 1667 1414 profitentis
1699 1314 1738 1387 in
1762 1318 1885 1391 studio

273 1427 501 1525 Tubingenfi
522 1445 590 1502 etc.
629 1431 733 1503 Haec
763 1431 888 1504 denuo
915 1432 998 1505 sunt
1027 1432 1178 1507 addita:
1211 1434 1257 1506 de
1286 1433 1506 1507 nominibus
1529 1432 1757 1507 'officiorum
1781 1434 1885 1533 apud

140 1578 143 1583 ·
275 1546 469 1645 principes
495 1551 706 1621 nostros-
731 1547 947 1623 differentia
974 1550 1074 1624 inter
1099 1552 1283 1625 caesarem
1304 1567 1342 1624 et
1364 1552 1633 1648 Augustum·
1659 1550 1707 1623 de
1725 1567 1885 1627 accentu

215 1664 220 1673 ’
276 1663 543 1740 hebraicarum
565 1665 786 1739 dictionum.
814 1666 927 1739 index
957 1667 1021 1740 leu
1048 1668 1245 1766 registrum
1272 1668 1638 1743 commentariorum
1662 1668 1886 1741 Bebeliano·

277 1810 375 1857 rum.
393 1825 442 1839 -
458 1783 562 1856 Haec
582 1782 622 1855 in
640 1783 766 1857 fronte
785 1827 834 1841 -
852 1785 918 1856 fol.
939 1786 1015 1860 158.
1038 1784 1073 1857 b.
1094 1786 1156 1858 lin.
1181 1813 1209 1859 1.
1247 1785 1433 1882 Tnbrngae
1460 1783 1500 1855 in
1525 1782 1680 1859 aedibus
1709 1785 1885 1858 Thomae

276 1897 665 1996 AnshelmiBadensis
689 1901 803 1975 Anno
820 1903 970 1977 MDXI.
995 1901 1121 1977 mense
1144 1903 1248 1976 Julio
1274 1903 1339 1975 sub
1356 1900 1485 1974 illustri
1509 1900 1687 2001 Principe
1717 1903 1885 1975 Udalrico

277 2017 642 2117 Wurtembergenfi.
660 2017 804 2117 fignum
819 2021 1049 2120 typographi
1069 2063 1117 2077 -
1133 2020 1196 2092 fol.
1221 2022 1299 2117 159·
1318 2019 1434 2091 Index
1456 2016 1521 2092 seu
1548 2033 1592 2091 ut
1608 2019 1725 2117 vulgo
1748 2018 1884 2093 dicitur

279 2137 491 2239 Registrum
507 2152 575 2210 etc.
602 2136 713 2209 Char.
734 2137 795 2211 lat.
813 2136 985 2211 foll.158.
1004 2137 1089 2235 fign.
1106 2153 1145 2210 et
1163 2163 1252 2210 curn
1269 2162 1349 2210 non
1364 2136 1489 2235 fignat.¹
1516 2136 1555 2210 in
1571 2152 1654 2210 toto
1677 2137 1757 2210 180.
1778 2143 1813 2226 4.

474 2278 602 2331 Panaeti
618 2276 723 2330 Annal.
742 2277 873 2351 Typogr.
896 2278 930 2331 T.
947 2272 974 2331 8.
996 2296 1024 2350 p.
1036 2278 1099 2332 322.
1115 2277 1154 2330 N.
1174 2278 1201 2330 5.

305 2508 313 2528 κ
381 2468 458 2540 168.
470 2463 712 2561 -Mafflms
725 2465 870 2536 licinus
888 2463 1131 2537 Florentinus
1153 2463 1199 2537 de
1221 2464 1457 2563 triplicivita.
1474 2462 1629 2538 Scilicet
1638 2462 1745 2551 sarta,
1762 2466 1884 2563 longa,

281 2605 320 2662 et
344 2586 475 2660 celitus
492 2611 569 2658 una
591 2609 679 2656 cum
703 2599 811 2655 textu
830 2581 893 2656 len
913 2582 1097 2681 regimine
1111 2580 1276 2656 sanitatis
1300 2581 1447 2655 Salerni
1460 2582 1627 2657 -Haec
1645 2582 1685 2655 in
1697 2583 1827 2657 fronte
1842 2624 1887 2641 -

282 2706 345 2779 fol.
364 2732 421 2803 97.
439 2703 473 2776 b.
496 2704 559 2775 lin.
576 2702 633 2773 30.
661 2728 707 2774 ex
736 2700 891 2773 officina
913 2701 1067 2774 Ioannis
1087 2699 1228 2773 Sabelli
1245 2698 1472 2798 Argentznae
1489 2698 1594 2775 lexta
1616 2699 1746 2775 Martii
1771 2701 1884 2773 Anno

285 2824 426 2923 gratiae
448 2824 548 2896 1511.
570 2820 682 2893 Char.
698 2818 801 2916 goth.
824 2818 900 2890 foll.
918 2847 975 2916 97.
993 2819 1078 2917 fign.
1099 2817 1160 2890 lin.
1180 2818 1237 2906 34¹.
1259 2825 1293 2906 4.

477 2961 605 3015 Panzeri
621 2956 728 3014 Aunal.
741 2959 873 3032 Typogr.
890 2958 925 3012 T.
934 2956 961 3011 6.
981 2976 1010 3032 p.
1020 2958 1065 3011 52.
1084 2959 1122 3012 N.
1134 2973 1198 3019 221.

389 3152 465 3246 169.
482 3188 529 3205 ·-
558 3151 674 3248 Opera
696 3150 736 3222 in
755 3146 948 3248 praesenti
973 3145 1169 3220 volumine
1197 3160 1376 3219 contenta
1403 3160 1654 3245 correctaque
1683 3145 1732 3218 in·
1749 3169 1889 3221 novam

286 3264 623 3366 concinioremque
649 3267 813 3341 sormam
832 3266 984 3341 redacta
1004 3266 1157 3338 Iaanm'r
1177 3266 1283 3365 Bapt.
1301 3266 1438 3338 Baneti
1452 3265 1634 3337 Brentani
1655 3263 1815 3338 solertia.
1842 3302 1888 3319 -

286 3386 402 3458 Pauli
421 3384 582 3479 Vergeni'
595 3383 901 3480 Justinopolitani
922 3384 967 3456 de
985 3383 1227 3479 ingeniorum
1251 3382 1476 3456 educatione
1502 3382 1714 3456 liberorum
1731 3396 1776 3455 et
1799 3379 1891 3455 libe·

176 3566 180 3571 .
289 3503 430 3577 ralibus
450 3500 593 3574 artibus
604 3499 855 3569 -Platarehi
870 3499 1050 3571 cheronei
1066 3500 1234 3574 similiter
1251 3501 1296 3573 de
1315 3500 1545 3574 institutione
1567 3499 1793 3572 liliorum-
1810 3497 1891 3572 Ma·

285 3618 516 3722 gniBasilai'
535 3615 761 3717 cappadocis
788 3616 835 3717 de
863 3615 1030 3713 legendis
1060 3617 1258 3713 gentilium
1280 3617 1396 3690 libris.
1420 3660 1471 3676 -
1497 3618 1588 3689 Dia·
1604 3616 1824 3716 Hieronymi
1847 3614 1894 3687 de

288 3737 507 3817 obedientia
530 3736 699 3808 filiorum
729 3760 817 3831 erga
839 3751 1016 3833 parentes
1043 3734 1205 3833 epistola.
1229 3735 1481 3809 -Eiusdem
1511 3735 1589 3809 divi
1612 3730 1896 3832 iberanyan'de

290 3874 516 3957 contemptu
534 3852 667 3927 mundi
684 3851 855 3952 Epistola
868 3894 916 3908 -
931 3853 1035 3927 Haec
1052 3851 1091 3925 in
1109 3852 1235 3927 fronte
1253 3898 1298 3913 -
1316 3850 1512 3951 praecedit
1524 3851 1688 3952 Epistola
1702 3850 1811 3925 Gabr.
1821 3849 1896 3924 Bo·

291 3983 370 4052 neti
384 3977 430 4053 ad
448 3976 707 4073 Hieronymum
721 3971 897 4045 Montium
916 3970 981 4044 fol.
1002 3972 1063 4061 51,
1077 3969 1141 4042 lin.
1163 3997 1192 4042 1.
1210 3969 1429 4069 imprellum
1451 3971 1609 4043 Brixiae
1624 3994 1696 4069 per
1719 3968 1896 4041 Ioannem

294 4097 490 4170 Amantiam
510 4093 731 4166 Brixianam
749 4087 1016 4162 auxiliantibus
1031 4088 1171 4161 Ioanne
1187 4089 1290 4161 Petra
1307 4104 1345 4161 et
1363 4089 1515 4184 Joanne}
1531 4087 1721 4184 Francrsao
1743 4084 1899 4159 Pezoni-

293 4216 358 4285 lns
383 4213 579 4284 Bn'xiam's
605 4226 674 4282 etc.
702 4208 816 4281 Anno
845 4235 866 4279 a
894 4206 1120 4304 Theogonia
1144 4205 1327 4279 Milefimo
1356 4205 1665 4306 quinquagesimo
1686 4204 1755 4278 xl.
1781 4200 1898 4277 Chen·

296 4332 355 4406 lat.
373 4327 502 4427 grand.
520 4327 596 4397 loll.
619 4329 674 4400 50.
692 4352 770 4398 non
789 4326 875 4422 fign.
894 4324 957 4396 lin.
973 4324 1030 4398 30.
1048 4329 1081 4413 4.

489 4466 616 4518 Panzeri
637 4465 740 4518 Annal.
760 4466 892 4537 Typogr.
913 4464 985 4529 To.
1003 4483 1032 4538 p.
1042 4464 1105 4536 340.
1123 4462 1161 4517 N.
1172 4464 1217 4517 25.

397 4664 474 4737 170.
492 4679 541 4693 ·-
562 4635 603 4706 P.
625 4632 747 4703 onan·
760 4631 918 4727 Nasonis
940 4631 1025 4702 libri
1042 4631 1087 4704 de
1103 4630 1267 4704 tristibus
1284 4657 1372 4705 curn
1389 4630 1684 4705 luculentiffimis
1701 4656 1900 4707 commen·

298 4760 401 4836 tariis
422 4775 491 4835 etc.
511 4752 765 4831 Banlrolamei
781 4749 1011 4825 Merulae-
1028 4763 1066 4820 et
1084 4748 1165 4823 aliis
1184 4749 1439 4826 additionibus
1453 4750 1564 4827 novis
1579 4767 1651 4828 etc.
1665 4792 1717 4811 -
1737 4746 1901 4823 Privile·
