4320 5700
664 650 925 712 carnosus
950 646 1336 709 stnuocuarmcus.
1363 648 1470 707 unx.
1834 633 1883 707 53

1890 781 1910 847 t
2016 819 2031 836 .

375 838 455 910 152.
474 875 522 892 -
556 833 725 934 Calepini
745 833 872 908 fratris
895 831 1086 905 Ambrosii
1109 831 1347 929 Bergomatis
1382 827 1622 929 professionis
1652 828 1885 905 eremitanae

274 956 527 1030 dictionarium
544 968 612 1027 etc.
629 953 734 1048 Haec
756 951 796 1025 in
814 951 941 1024 fronte
957 949 1076 1022 limbo
1093 948 1217 1023 inclus.
1237 948 1300 1022 sol.
1320 947 1456 1024 eodem
1474 949 1644 1048 Calepini
1655 947 1818 1047 Epistola
1835 949 1883 1022 ad

275 1057 445 1150 senatum
462 1069 884 1171 Bergomenfem-sol.
902 1069 985 1166 373.
1005 1069 1069 1142 lin.
1090 1074 1142 1157 14.
1159 1067 1243 1140 finit
1257 1067 1332 1153 hoc
1347 1065 1543 1166 egregium
1561 1082 1600 1141 et
1616 1064 1701 1140 sane
1717 1066 1884 1165 perutile

275 1219 374 1293 opus
391 1208 429 1267 et
452 1189 608 1265 subinde
628 1204 782 1263 acutum
802 1215 845 1265 ac
865 1186 995 1260 multis
1012 1185 1105 1259 locis
1131 1185 1400 1269 emendatum,
1432 1210 1552 1283 opera
1578 1199 1617 1257 et
1642 1184 1884 1265 accuratione

179 1301 181 1303 ’
276 1308 482 1384 ascensiana
502 1308 542 1382 in
560 1307 769 1382 Academia
784 1304 1101 1380 ParislenslAnno
1119 1301 1244 1377 salutis
1263 1307 1409 1375 nostrae
1435 1302 1489 1375 M.
1505 1302 1553 1375 D.
1567 1300 1622 1381 X.
1647 1302 1882 1401 Registrum‚

219 1470 223 1475 ·
280 1425 420 1526 insigne
438 1424 671 1526 typographi
686 1423 871 1506 navicula.
891 1422 1003 1497 Char.
1023 1423 1126 1521 goth.
1150 1420 1303 1496 minusc.
1320 1419 1389 1492 foll
1415 1419 1500 1517 373.
1517 1418 1581 1493 lin.
1592 1421 1652 1518 69.
1668 1419 1693 1494 s

469 1566 599 1645 Panaeti
612 1564 718 1620 nunus.
730 1565 868 1639 ‘Typogn
888 1563 960 1643 T.7.
977 1583 1006 1636 p.
1016 1563 1081 1637 649.
1099 1561 1137 1616 N.
1147 1571 1212 1634 420.

376 1732 453 1805 153.
471 1773 521 1789 -
535 1733 593 1802 De
611 1729 884 1820 confirmatione
902 1730 1123 1824 christianae
1138 1726 1246 1818 fidei.
1267 1769 1311 1786 -
1329 1727 1488 1801 Haecin
1507 1714 1743 1800 fronte'cum
1761 1730 1792 1801 5.
1813 1729 1887 1803 Ta·

274 1849 374 1923 bulis
395 1850 520 1922 forma
535 1847 709 1922 rotunda.
729 1891 775 1906 ·-
803 1846 867 1919 fol.
884 1845 966 1934 eod.
989 1847 1023 1919 b.
1041 1846 1205 1953 Epistola
1220 1845 1354 1920 Heliae
1367 1844 1545 1944 Capreoli
1562 1844 1609 1918 ad
1625 1845 1806 1920 Bernard.
1816 1847 1846 1918 F
1848 1875 1887 1921 a·

273 1967 382 2040 bium
398 1964 628 2064 Episcopum
646 1963 885 2039 Pharensem.
904 2004 950 2020 -
969 1963 1033 2036 fol.
1051 1964 1085 2036 6.
1107 1964 1170 2037 lin.
1194 1963 1246 2035 13.
1267 1963 1363 2038 finis.
1383 1962 1601 2062 impressum
1620 1963 1888 2064 Nurembergae

274 2111 345 2185 per
362 2082 860 2171 venerabilemJDominum
877 2081 1079 2156 Iohannem
1104 2083 1158 2155 W.
1182 2081 1297 2154 Anno
1321 2079 1448 2154 salutis
1469 2083 1614 2154 nostrae
1643 2085 1746 2156 1510.
1774 2078 1888 2159 char.

265 2201 380 2300 ¹goth.
402 2201 479 2274 soll.
498 2202 532 2272 6.
550 2226 629 2271 non
649 2200 735 2297 sign.
755 2199 818 2272 lin.
831 2201 888 2273 36.
910 2199 1010 2298 gloss.
1028 2225 1145 2298 marg.
1161 2204 1214 2290 4„

471 2341 602 2395 Panaeti
619 2338 726 2395 Annas.
746 2339 878 2416 Typogr.
900 2340 984 2397 Tom.
995 2361 1022 2414 7.
1040 2333 1142 2415 p.448.
1164 2339 1202 2395 N.
1214 2336 1258 2394 66.
1278 2337 1397 2395 Jotann
1412 2336 1639 2426 Weijenhurger.
1725 2343 1729 2350 '

377 2528 456 2617 154.
473 2574 520 2590 -
535 2530 642 2602 ntes
659 2556 751 2603 mea.
770 2570 818 2585 -
834 2530 939 2604 Haec
958 2529 998 2603 in
1020 2530 1156 2603 fronte.
1174 2529 1293 2601 limbo
1311 2528 1488 2602 decorata
1509 2503 1608 2604 infra
1623 2528 1760 2616 sustine,
1773 2530 1811 2605 in
1823 2560 1887 2607 va·
1929 2558 1932 2564 ’

278 2645 327 2718 do
343 2686 393 2703 —·
413 2646 477 2718 sol.
499 2673 532 2718 2.
550 2648 687 2721 Sermo
703 2677 746 2722 ao
767 2649 990 2723 tractatulus
1005 2675 1075 2748 per
1108 2643 1361 2720 Theodericum
1382 2646 1526 2733 Balach
1552 2675 1599 2721 ex
1630 2647 1786 2721 Coburct
1809 2650 1890 2724 ble-

278 2762 422 2835 banum
440 2762 480 2835 in
494 2764 704 2838 Milhausen
723 2766 837 2838 Anno
855 2765 1013 2838 Domini
1038 2767 1139 2838 1510.
1159 2764 1300 2850 editus,
1321 2763 1445 2864 quire
1463 2780 1501 2839 et
1518 2765 1675 2839 nomine
1694 2765 1785 2839 fides
1803 2793 1890 2842 mea

277 2877 448 2954 ”vocetun
467 2924 513 2937 -
527 2881 615 2955 finit
634 2881 657 2954 f.
676 2883 765 2993 6.b.
787 2883 918 2958 lin..a1.
935 2924 982 2941 -
997 2883 1081 2957 finis
1099 2922 1145 2941 -
1164 2882 1241 2959 soll.
1259 2884 1292 2958 6.
1309 2910 1388 2958 non
1409 2882 1495 2982 sign
1515 2883 1578 2956 lin.
1601 2883 1659 2987 31.
1682 2889 1714 2972 4.
1741 2911 1790 2956 ex
1813 2887 1888 2959 col-

274 3000 431 3076 lectione
447 2999 688 3112 Herbizzirna.

470 3181 655 3237 Tractatulus
673 3181 723 3238 bic
748 3181 838 3238 latine
860 3182 979 3257 scriptus
1001 3183 1183 3257 versibusque
1210 3184 1384 3258 germanicis
1408 3184 1549 3257 expositus
1572 3182 1712 3258 nusquam
1739 3182 1885 3248 indicatus

568 3271 633 3329 luit.
651 3274 760 3330 Modus
777 3274 946 3331 traducendi
961 3275 1020 3329 sere
1035 3276 1187 3350 fingtdarss
1203 3275 1260 3360 est,
1277 3292 1311 3331 ut
1325 3295 1361 3330 ex
1377 3275 1506 3350 sequenti
1521 3276 1636 3353 stropha
1652 3276 1753 3333 elucet.
1780 3287 1801 3303 “’

560 3519 568 3536 .
664 3466 886 3568 quicunque
903 3467 987 3540 vult
1004 3468 1134 3543 vivere
1153 3469 1371 3544 eternaliter

672 3589 674 3596 ’
733 3584 837 3659 Dem
851 3586 891 3658 ist
905 3610 978 3657 vor
991 3586 1090 3659 allen
1107 3587 1259 3687 Dingen
1274 3604 1354 3662 not.

664 3717 710 3776 ut
727 3703 856 3778 credat
870 3702 1036 3778 sanctam
1053 3704 1263 3780 trinitatem
1280 3704 1524 3781 infallibilem.

738 3822 834 3896 Dasz
851 3849 892 3895 er
909 3822 1022 3920 glaub
1041 3849 1089 3896 an
1105 3822 1217 3897 einen
1234 3826 1339 3899 Gott.

469 3957 652 4035 opusculum
668 3958 798 4035 prolecto
816 3960 998 4016 rarissimum.

382 4127 459 4215 154.
478 4153 513 4200 a.
531 4167 579 4183 —
605 4130 778 4229 Eutropii
790 4130 922 4205 decem
946 4126 1034 4203 libri
1058 4127 1297 4204 historiarum
1322 4131 1375 4205 ita
1401 4129 1559 4206 candide
1592 4128 1812 4235 praescripti
1845 4151 1891 4211 ut

281 4240 444 4342 quisque
463 4243 679 4319 rudimenta
695 4247 869 4323 historiae
885 4249 1079 4324 Romanae
1100 4246 1262 4322 nancisci
1284 4250 1435 4335 volens,
1462 4263 1576 4349 atque
1598 4247 1735 4326 seriem
1751 4254 1890 4333 multa-

282 4384 372 4432 rum
389 4363 574 4458 gestarum
590 4389 720 4437 rerum
740 4365 841 4464 apud
857 4383 1004 4440 exteras
1022 4383 1154 4465 gentes
1173 4365 1402 4478 cognoscere⁸
1419 4366 1527 4442 brevi
1544 4396 1591 4456 ex
1610 4370 1806 4448 volumine
1824 4400 1889 4447 cu-

182 4553 187 4560 ,
279 4478 406 4577 piens,
435 4477 474 4552 id
492 4505 539 4552 ex
557 4506 674 4580 opere
693 4481 806 4557 buius
823 4485 965 4559 autoris
988 4485 1023 4559 se
1042 4483 1334 4561 consecuturum
1356 4486 1512 4562 studiosa
1537 4487 1700 4562 lectione
1723 4517 1889 4591 perpen-

281 4596 353 4670 det.
371 4637 420 4653 —·
433 4597 597 4673 Haecin
617 4599 763 4689 fronte,
788 4629 876 4676 cum
893 4603 1008 4678 armis
1029 4620 1068 4678 et
1091 4603 1294 4704 insignibus
1320 4606 1423 4706 ligno
1440 4606 1561 4681 incisls
1579 4654 1625 4667 -
1652 4607 1715 4680 sol.
1738 4610 1797 4680 55.
1823 4609 1888 4678 lin.

282 4720 339 4801 24.
359 4714 527 4815 Eutropii
539 4717 611 4791 viri
630 4719 816 4793 clarissimi
832 4721 879 4796 de
896 4722 1002 4822 gestis
1018 4724 1167 4798 romani
1185 4725 1319 4825 populi
1344 4726 1431 4799 libri
1448 4723 1590 4799 decem.
1624 4723 1742 4820 Regia
1768 4724 1809 4793 in
1836 4722 1888 4794 ci·

287 4829 400 4908 vitate
422 4833 644 4916 Cracovien.
660 4839 849 4941 dispensio
872 4841 1081 4942 spectabilis
1100 4842 1174 4921 viri
1195 4843 1356 4919 Domini
1380 4845 1540 4919 ioannis
1562 4842 1698 4916 Haller
1723 4838 1891 4944 impressi
