4320 5700
291 583 359 674 174
649 591 890 651 carilocus
915 590 1291 652 nmnoounrmcus
1314 591 1528 652 mxxxvi

290 772 397 846 libris
414 771 590 844 inventos
604 771 663 868 jus
681 769 919 847 Canonicum
935 769 973 846 le
999 771 1241 847 inflammans
1264 770 1456 872 conjecille
1483 768 1625 870 leripfit
1652 716 1892 842 etc-Haec

291 889 332 962 in
341 890 535 963 fronte-
557 888 621 962 fol.
648 892 703 963 15.
722 890 757 963 h.
780 889 844 963 lin.
868 891 926 964 25.
947 890 1191 991 Epistolajfiat
1209 889 1347 992 scripta
1361 913 1507 993 expago
1522 886 1746 988 Bn‘sgaudrie
1754 885 1790 964 b.
1810 886 1893 961 Jan.

290 1007 519 1083 M.D.XXl.
542 1006 653 1082 Char.
671 1007 732 1082 lat.
753 1007 830 1083 foll.
854 1009 907 1080 15.
923 1033 1004 1080 non
1018 1007 1105 1107 [ign.
1121 1007 1186 1083 lin.
1204 1007 1263 1084 35.
1282 1014 1318 1099 4.

479 1145 588 1204 Nullae
602 1147 717 1225 prorlua
736 1146 770 1203 de
786 1147 843 1203 hoc
859 1145 961 1202 libello
978 1145 1087 1203 exstant
1097 1147 1229 1204 notitiae.

384 1319 527 1416 575-
545 1315 1158 1409 canon112·1adoctz‘lutherani-
1178 1315 1283 1392 Haec
1300 1286 1345 1389 in·
1360 1315 1486 1390 fronte
1507 1312 1553 1371 ·-’-
1571 1311 1637 1389 fol.
1661 1312 1745 1388 eod.
1764 1311 1800 1387 b.
1818 1312 1892 1384 Ar·

287 1452 513 1536 gumenturn
530 1434 714 1535 Epistolae
726 1474 771 1491 -
788 1432 852 1508 sol.
873 1463 904 1533 7.
920 1432 983 1509 lin.
1001 1460 1036 1534 9.
1053 1433 1328 1510 finio-Char.
1342 1435 1405 1510 lat.
1428 1430 1785 1535 grandfolbpnon
1803 1429 1890 1528 [ign

288 1555 352 1630 lin.
374 1554 444 1630 28..
458 1561 493 1646 4.

478 1691 582 1750 Editio
599 1691 671 1747 haec
687 1688 849 1746 hucuadum
867 1690 900 1745 in
917 1690 1127 1748 recenlionibut
1143 1709 1202 1748 non
1216 1690 1346 1749 obvenit.

383 1863 524 1959 ⁵76³·
540 1860 727 1957 Marsilzics
746 1859 891 1933 licinus
907 1859 1132 1936 florentinus
1151 1861 1197 1935 de
1211 1859 1352 1961 triplici
1366 1859 1510 1936 vita·
1521 1860 1626 1936 Haec
1645 1859 1687 1932 in
1703 1855 1833 1933 fronte
1843 1896 1893 1916 -

286 1980 352 2054 fol.
374 2008 403 2052 1.
425 1979 471 2054 de
490 1979 569 2054 vita
586 1976 728 2053 lana—
743 1979 807 2052 fol.
835 1979 887 2053 18.
907 1978 952 2053 de
977 1979 1057 2054 vita
1073 1980 1243 2079 longa-
1264 1978 1290 2052 f.
1311 1985 1369 2068 40.
1393 1979 1439 2053 de
1465 1978 1544 2055 vita
1558 1975 1719 2054 caelitus
1736 2000 1893 2075 compa·

285 2097 460 2173 randa-
478 2097 541 2173 sol.
563 2098 621 2172 86.
641 2097 677 2172 b.
695 2097 881 2198 Apologia
897 2098 1105 2198 quaedam,
1129 2096 1169 2171 in
1192 2125 1268 2200 qua
1286 2096 1333 2171 de
1349 2095 1556 2184 medicina,
1577 2092 1794 2193 astrologia,
1813 2091 1895 2179 vita
2020 2084 2027 2109 '

286 2217 439 2304 mundi,
457 2216 503 2291 de
523 2216 661 2317 magis,
683 2215 750 2317 qui
772 2214 962 2289 Christum
979 2215 1100 2290 statim
1117 2232 1250 2290 natum
1265 2212 1580 2289 salutaverunt-
1600 2211 1665 2287 fol.
1676 2213 1737 2327 84
1753 2209 1895 2313 princi-

281 2335 429 2436 palium
449 2332 720 2409 sententiarum
739 2333 1002 2408 annotationes
1015 2373 1061 2390 -
1077 2333 1140 2406 fol.
1160 2360 1218 2433 90.
1241 2333 1305 2408 lin.
1337 2334 1394 2408 28.
1418 2331 1608 2408 Ziniberis
1636 2328 1785 2406 conditi
1804 2327 1894 2404 ulus

280 2453 470 2554 probatur
483 2451 547 2526 lib.
567 2455 612 2524 11.
630 2452 721 2550 Cap.
740 2451 807 2524 IX.
826 2450 1031 2551 praecipue
1048 2449 1266 2526 lenibus.-
1286 2452 1398 2527 Char.
1425 2452 1486 2527 lat.
1504 2450 1648 2549 foll.99.
1665 2448 1803 2523 lin.35.
1831 2458 1867 2539 4.

566 2681 664 2757 quoad
679 2702 808 2749 annum,
827 2682 925 2738 locum
944 2699 972 2738 et
990 2680 1113 2738 formam
1129 2682 1166 2738 ab
1182 2683 1243 2739 illis
1263 2683 1459 2749 editionibus,
1477 2701 1550 2756 quas
1567 2679 1691 2736 denen
1705 2678 1784 2736 dane
1800 2700 1834 2736 ra
1850 2679 1896 2737 bi·

559 2774 728 2850 bliothique
744 2774 913 2832 instructive
930 2777 969 2834 N.
982 2776 1062 2832 1266.
1081 2776 1216 2834 recenset.
1231 2776 1315 2832 Coni.
1334 2776 1452 2833 foeben·
1464 2772 1654 2832 Lex-erudit.
1665 2774 1741 2830 ΤΑ.
1757 2793 1789 2849 p.
1800 2775 1869 2851 599.

196 2894 200 2903 ι
309 3032 315 3039 ,
374 2949 513 3045 577-
535 2945 664 3020 Iacobi
677 2946 842 3019 Sodolett'
855 2944 901 3019 de
919 2944 1019 3020 hello
1037 2943 1270 3044 suscipiendo
1289 2960 1423 3019 contra
1435 2944 1581 3019 Turcaa
1605 2941 1652 3017 ad
1672 2942 1898 3018 Ludoeoum

199 3112 202 3119 ·
277 3066 422 3164 Regem
435 3064 646 3140 Galliarum
659 3063 853 3138 oratio-
869 3062 975 3137 Haec
990 3061 1029 3136 in
1040 3063 1222 3137 fronte-
1232 3061 1297 3136 fol.
1311 3064 1370 3150 46.
1389 3061 1452 3135 lin.
1466 3087 1521 3136 11.
1537 3059 1636 3137 linio.
1650 3060 1771 3137 Char.
1792 3086 1898 3139 rom.

275 3184 411 3283 grand.
422 3183 498 3258 foll.
520 3184 578 3271 46.
595 3209 675 3255 non
692 3182 778 3280 fign.
794 3182 871 3256 foll.
887 3180 950 3254 lin.
960 3206 993 3253 2.
1012 3180 1069 3253 26.
1086 3185 1119 3270 4.

468 3319 662 3375 conferantur
680 3323 765 3376 Tom.
789 3340 813 3376 1.
834 3319 966 3376 Sodoleei
992 3338 1111 3394 operum
1134 3320 1263 3376 Veronae
1279 3319 1360 3394 1737.
1378 3316 1533 3375 editorum.

369 3507 452 3604 578.
466 3548 511 3566 -
527 3508 573 3580 R.
594 3508 635 3581 P.
659 3509 797 3579 Fratris
821 3508 981 3604 Sz'lvestrz'
1000 3507 1176 3579 Przbrotz's
1207 3507 1350 3582 ordinis
1376 3505 1665 3606 predicatorum
1698 3522 1737 3583 et
1761 3506 1897 3586 sacrae

176 3700 179 3705 .
274 3624 488 3724 theologiae
508 3624 726 3725 professoris
746 3624 984 3698 celeberrimi
1000 3623 1169 3723 sacrique
1187 3625 1316 3725 palatii
1334 3622 1525 3725 apostolici
1542 3622 1726 3723 magistri:
1745 3623 1898 3727 inpre-

271 3743 478 3818 lumtuolas
506 3744 664 3818 Martini
675 3742 815 3816 Lutler
834 3743 1089 3817 conclufiones
1113 3741 1354 3843 de'potestate
1372 3769 1495 3844 papae
1513 3741 1696 3843 dialogus.
1713 3783 1764 3803 -
1781 3744 1900 3821 Haec

272 3863 314 3939 in
332 3864 459 3939 fronte
482 3862 819 3941 limboornatae-
834 3861 897 3937 fol.
922 3890 975 3937 12.
994 3863 1057 3938 lin.
1081 3870 1133 3954 14.
1150 3862 1234 3937 finit
1249 3863 1352 3937 verb.
1372 3886 1563 3961 propono.
1582 3856 1895 3964 Chargoth.111i·

270 3981 369 4058 nulc.
389 3983 468 4057 loll.
493 4009 548 4056 12.
567 4007 646 4055 non
664 3980 751 4080 fign.
768 3980 831 4054 lin.
852 3987 911 4070 42.
937 3988 971 4071 4.
997 3984 1062 4057 Ex
1077 3984 1287 4057 collectz'one
1303 3979 1541 4079 llerbizt'ana.

461 4121 566 4178 Editio
582 4140 700 4198 perrara
719 4140 749 4178 v.
772 4120 892 4177 Cocbloi
908 4121 1012 4198 scripta
1027 4121 1149 4178 Lueberi
1163 4123 1266 4197 p.322.

366 4309 509 4407 579.—
526 4311 585 4382 De
604 4308 719 4409 Causa
740 4311 968 4384 Boemica-
981 4311 1120 4384 Paulus
1139 4310 1365 4407 Constantzits
1377 4350 1420 4366 -
1439 4308 1554 4408 vulgo
1569 4306 1754 4407 refragari
1765 4334 1888 4411 quos-

270 4427 359 4507 dam
376 4426 615 4500 celeberrimi
634 4429 882 4504 costantienfis
899 4429 1061 4503 Concilii
1076 4427 1301 4514 sententiae,
1325 4425 1579 4530 quaHullitae
1597 4425 1766 4505 damnati
1783 4425 1888 4515 lunt,

269 4551 420 4622 conflat.
448 4545 578 4641 Quare
594 4543 716 4639 visum
733 4550 781 4619 est
801 4546 896 4620 mihi
917 4547 1019 4621 hunc
1042 4575 1087 4623 ea
1105 4545 1152 4620 de
1172 4571 1214 4619 re
1232 4545 1272 4618 in
1291 4545 1415 4619 lucem
1432 4544 1546 4620 edere
1561 4544 1705 4619 librum
1721 4559 1767 4619 ut
1775 4544 1885 4619 vide-

267 4681 331 4740 tur
346 4692 369 4738 a
384 4662 504 4738 doctis
523 4661 751 4762 quibusdam
770 4662 965 4764 scripturn.
993 4665 1083 4760 Quo
1095 4663 1221 4762 palam
1240 4663 1304 4737 fiat
1319 4662 1495 4738 universo
1514 4662 1620 4749 orbi,
1641 4688 1779 4765 queen
1792 4687 1884 4737 cau-

267 4780 305 4860 la
323 4781 491 4860 llullitae
513 4779 801 4874 da11111atilunt,
826 4798 865 4859 et
883 4782 1027 4860 sanctae
1045 4807 1225 4859 romanae
1241 4781 1433 4872 ecclesiae,
1451 4780 1770 4885 celeberrimique
1786 4804 1881 4857 con-
