4358 5694
650 628 892 691 cirruocus
917 580 1294 689 nmnoonermcus
1320 630 1538 690 nnxxxvr.
1645 642 1656 655 ·
1828 649 1890 718 171

273 811 406 886 ⁴[oriae
426 810 517 885 artie
532 809 726 909 magistros
739 810 948 883 Honimum
969 809 1176 906 Vnglerium
1187 824 1226 884 et
1242 805 1502 909 Woffirangum
1516 768 1796 890 Lem—Haec
1812 840 1895 890 om·
1956 816 1960 829 '

287 929 351 1007 nia
372 926 493 1004 limbo
510 924 659 1014 inclusa,
680 927 792 1003 Char.
818 926 880 1001 lat.
904 926 980 1001 foll.
1002 952 1057 1002 ιο.
1073 952 1154 1000 non
1167 926 1253 1026 fign.
1271 926 1334 1000 tin.
1353 928 1411 1001 23.
1428 928 1590 1029 Spartiis
1606 930 1789 1032 interject.
1808 941 1842 1025 4.

478 1065 659 1144 opuseulum
676 1066 708 1122 in
726 1063 936 1154 repetitionibus
951 1063 1193 1123 hucmdumnon
1210 1066 1378 1142 expolitum.

385 1237 468 1311 561.
486 1263 520 1310 a.
543 1277 595 1296 ·-
615 1235 819 1309 Recettan'o
834 1258 966 1308 nuovo
988 1231 1237 1331 copiofissitno
1264 1234 1302 1307 di
1321 1234 1495 1310 mirabile
1514 1234 1648 1312 secreti
1664 1243 1893 1321 eccellentis-

287 1355 366 1431 fimi
394 1353 675 1456 esperimentati
697 1354 746 1428 da
770 1353 839 1453 piu
855 1349 1028 1452 persone.
1042 1391 1092 1408 -
1116 1351 1311 1426 Intitoluto
1331 1354 1486 1427 Corona
1503 1352 1542 1426 di
1561 1354 1682 1443 virtu,
1711 1375 1750 1434 et
1765 1360 1839 1436 fior
1857 1364 1897 1439 di
1998 1392 2003 1405 ‘

287 1473 507 1574 gentilezza.
524 1514 575 1533 ·-
591 1471 790 1572 Stampato
813 1470 860 1545 ad
879 1468 1050 1543 inflantia
1069 1465 1306 1566 distancesco
1324 1469 1371 1543 da
1396 1470 1514 1544 Trina.
1525 1472 1690 1549 -Haec
1710 1476 1750 1551 in
1760 1454 1895 1559 ⁸fronte

284 1595 438 1665 venusto
454 1589 574 1665 limbo
593 1603 728 1662 ornata
747 1630 793 1646 -
814 1585 1072 1676 f01.4.1in.·16.
1091 1584 1186 1662 afar
1203 1602 1310 1662 aceto
1329 1587 1528 1664 fortissimo
1549 1617 1636 1666 -e
1655 1592 1744 1670 dein
1761 1596 1894 1679 iin323,

285 1708 312 1782 il
334 1709 419 1788 fine.
437 1708 549 1784 Char.
570 1706 631 1781 lat.
652 1704 728 1779 foll.
741 1711 773 1794 4.
796 1704 859 1778 lin.
876 1704 983 1802 27.8.

477 1846 649 1904 nuendum
665 1845 722 1902 line
738 1843 909 1901 recenfione.

764 2111 870 2209 Sine
896 2107 1022 2205 Nota
1049 2109 1162 2204 Loci
1191 2131 1238 2206 et
1267 2110 1413 2205 Anni.

286 2319 288 2323 ⁵
377 2330 460 2404 562.
478 2368 528 2385 -
542 2325 588 2401 Α.
613 2327 809 2402 hantone
824 2323 1061 2399 Luthmima.
1079 2322 1313 2423 Aegocemtri·
1328 2325 1487 2401 offertio.
1505 2327 1640 2426 Emser.
1655 2373 1705 2390 -
1731 2333 1894 2415 Haecin

282 2449 423 2524 fronte.
441 2487 491 2504 -
510 2470 599 2519 cum
617 2444 733 2519 armis
749 2443 900 2542 Emsen‘.
922 2485 969 2499 -
987 2442 1050 2517 fot.
1070 2443 1153 2518 eod.
1168 2443 1204 2517 b.
1221 2443 1385 2543 Epistola
1401 2445 1623 2548 Hieronymi
1633 2452 1762 2548 Emser
1779 2455 1826 2530 ad
1841 2458 1897 2536 M,

279 2566 485 2640 lutherum.
501 2607 551 2620 -
565 2562 649 2636 finit
668 2561 734 2636 fot.
752 2588 811 2637 22.
830 2562 866 2637 b.
884 2560 949 2636 lin.
967 2559 1025 2636 32.
1055 2559 1102 2635 de
1119 2559 1267 2636 summo
1283 2578 1361 2662 opt.
1379 2562 1480 2639 Max.
1492 2565 1604 2642 Char.
1627 2567 1690 2645 lat.
1714 2570 1792 2649 foll.
1812 2572 1893 2651 non

280 2684 368 2782 fign.
388 2710 446 2758 22.
462 2682 526 2756 lin.
543 2682 601 2770 34.
617 2688 652 2771 4.
1528 2680 1531 2687 ’

470 2819 574 2877 Editio
592 2838 719 2895 perrara.
738 2815 847 2875 confer.
868 2816 986 2874 ,76232νί
1004 2816 1061 2872 lex.
1080 2815 1160 2873 erud.
1181 2816 1217 2872 Τ.
1228 2828 1256 2875 2.
1271 2837 1301 2893 p.
1309 2817 1373 2892 341.

373 3010 457 3086 563.
480 3051 529 3070 -·
550 3008 723 3083 Andreae
748 3007 934 3108 Piperan'i
959 3005 1181 3103 Cremonenf
1209 3006 1477 3089 Protonatariiss
1500 3010 1692 3110 apostolici
1719 3029 1757 3088 et
1784 3017 1892 3095 Julii,

280 3132 314 3205 J.
327 3130 363 3204 J.
381 3129 492 3203 Pont.
516 3152 615 3200 max.
634 3125 852 3200 cubiculad'i
871 3125 987 3197 aratro
1007 3123 1053 3197 de
1073 3121 1239 3223 passione
1257 3122 1346 3197 Jesu
1361 3122 1497 3198 Christi
1520 3127 1790 3229 Redemptorie
1816 3162 1890 3211 no.

279 3250 351 3321 stri.
365 3289 416 3308 —
431 3247 537 3320 Haec
554 3245 595 3317 in
611 3243 748 3318 fronte.
765 3282 813 3298 -·
841 3241 906 3315 sol.
929 3240 1013 3315 eod.
1030 3241 1065 3313 b.
1083 3240 1247 3339 Epistola
1264 3240 1310 3313 ad
1333 3241 1432 3314 card.
1447 3242 1740 3320 Alexandrinum
1754 3253 1804 3310 '-
1821 3253 1887 3331 fol,

168 3386 174 3404 ‘
285 3391 338 3439 10.
356 3363 420 3438 lin.
438 3363 490 3437 ι3.
509 3362 586 3437 dixi
599 3363 716 3436 Anno
732 3359 892 3434 Domini
909 3359 1141 3431 M.D.v111.
1159 3358 1270 3432 Julzo.
1287 3358 1336 3431 ΙΙ.
1353 3359 1464 3434 Pont.
1486 3387 1584 3438 max.
1608 3363 1775 3444 habenas
1794 3370 1891 3473 reip.

278 3481 397 3557 christ.
413 3481 648 3556 moderante.
668 3479 781 3552 Char.
802 3501 901 3550 rom.
921 3475 1000 3550 foll.
1020 3502 1074 3550 10.
1096 3501 1176 3551 non
1192 3474 1278 3574 fign.
1296 3475 1362 3550 lin.
1379 3477 1482 3569 304.

468 3617 672 3679 Vorifimiliter
686 3619 800 3674 Romae
815 3614 916 3672 eodem
936 3615 1021 3671 Anno
1040 3613 1181 3691 impress'a.

373 3789 456 3878 564.
485 3827 535 3844 -
559 3788 619 3860 Dc
645 3768 798 3889 promor
818 3784 1061 3882 heresiarchae
1091 3782 1238 3856 ordinis
1268 3784 1560 3861 Predicatorum
1588 3787 1634 3863 de
1651 3786 1890 3871 observantie

262 3919 605 4006 nuncupatorum,
624 3903 727 4004 apud
747 3900 949 3997 Switenses
974 3900 1013 3973 in
1035 3897 1187 3973 civitate
1205 3898 1386 3996 Bemensi
1397 3903 1598 3978 combustis
1617 3906 1732 3979 Anno
1752 3908 1887 3984 Christi

275 4023 330 4100 M.
342 4022 390 4098 D.
400 4021 468 4096 XI.
487 4064 538 4079 -
554 4022 660 4096 Haec
680 4021 720 4094 in
736 4022 863 4096 fronte
877 4063 919 4077 -
931 4042 1021 4091 curn
1038 4015 1148 4090 icone
1166 4030 1332 4116 quatuor
1346 4019 1644 4095 haeredarchar:
1663 4068 1709 4083 -
1730 4042 1769 4098 et
1781 4052 1814 4100 2.
1836 4027 1893 4101 di-

274 4140 400 4215 stichis
417 4139 587 4227 adKIoan.
608 4141 757 4214 Scotum.
777 4178 824 4192 ·-
838 4136 932 4210 folio
949 4161 1006 4232 27.
1027 4133 1159 4231 lin.17.
1177 4133 1332 4233 dignare
1353 4160 1415 4210 me
1432 4136 1586 4213 laudare
1611 4155 1681 4216 etc.
1704 4181 1753 4201 -
1776 4143 1888 4222 Char,

279 4258 383 4358 goth.
409 4280 463 4358 gr.
480 4258 557 4332 soli.
574 4283 633 4355 27.
651 4282 731 4329 non
746 4255 830 4354 fign.
851 4251 916 4327 fin.
933 4252 990 4327 33.
1003 4259 1037 4342 4.

469 4394 573 4453 Editio
590 4394 660 4452 haec
676 4392 818 4451 rariffima
846 4391 954 4449 nullibi
966 4391 1110 4448 recenfita.
1135 4398 1139 4404 “

373 4565 457 4639 565.
483 4604 531 4622 -
554 4563 652 4662 Justi
670 4563 955 4661 VelsliHagani
970 4559 1108 4636 medici
1132 4560 1255 4634 oratio
1280 4560 1327 4634 de
1350 4561 1709 4641 Mathematicarum
1728 4570 1889 4670 discipli-

277 4707 417 4759 narum
430 4682 538 4758 vario
557 4681 626 4757 usu
643 4681 914 4781 dignitateque,
928 4679 1097 4780 quinque
1112 4677 1159 4753 ad
1172 4679 1309 4752 harum
1319 4683 1613 4778 comparandam
1629 4687 1888 4783 cognitionem

280 4800 486 4917 adhibmdi
509 4799 579 4878 fint
596 4799 796 4889 authores,
825 4798 872 4876 de
898 4825 974 4900 que
998 4797 1145 4896 optima
1168 4797 1309 4873 horum
1329 4795 1641 4897 explicandorum
1660 4801 1819 4879 ratione.
1838 4849 1889 4872 .-

892 4936 895 4941 ’
1517 4918 1551 4989 Y
1578 4949 1601 4990 2
