4358 5694
646 593 887 657 carlmcos
912 593 1289 655 nmuocnarnrcus
1314 593 1556 655 unxxxvn
1826 581 1894 679 169

284 785 374 884 gina
391 779 706 856 continemur.-
724 774 915 874 Adjuncta
927 774 1013 850 lunt
1030 774 1096 851 fini
1117 800 1251 875 graeca
1276 771 1416 849 scholia
1433 773 1471 847 in
1495 774 1593 850 hanc
1609 774 1894 852 orationem.—

284 899 448 977 Haecin
465 897 590 973 fronte
610 922 648 996 p.
677 896 756 970 152.
777 893 841 968 lin.
868 919 922 969 10.
941 908 1054 984 Τελος.
1077 936 1124 951 -
1146 920 1183 993 ρ.
1208 894 1285 980 154.
1315 892 1443 992 insign,
1462 891 1634 965 Elabunii
1654 894 1764 994 (ergo
1785 896 1893 995 Basi-

285 1022 386 1117 Ieae)
406 1016 538 1092 omnia
556 1039 700 1115 graece.
728 1013 840 1088 Char.
858 1038 1015 1111 graecus
1034 1038 1072 1111 p.
1096 1012 1174 1084 152.
1200 1010 1286 1109 fign.
1298 1009 1338 1083 in
1357 1026 1441 1084 toto
1466 1012 1545 1099 154.
1562 1008 1625 1084 lin.
1644 1035 1700 1109 27.
1727 1014 1761 1087 8.

475 1154 578 1211 Editio
595 1172 715 1230 perrara
733 1166 859 1208 attamen
876 1149 1038 1206 hucuadum
1054 1168 1114 1205 non
1130 1150 1272 1206 recenlita.

238 1420 244 1443 Ι
385 1325 524 1401 552.-
541 1323 686 1421 Angeli
700 1320 884 1395 Politiani
898 1318 971 1394 viri
993 1318 1248 1419 undecunque
1276 1317 1471 1393 doctillimi
1496 1323 1642 1397 Lamia.
1658 1364 1706 1380 -
1732 1322 1837 1397 Haec
1854 1322 1894 1399 in

284 1443 484 1518 fronte-
503 1440 568 1513 fol.
590 1441 625 1513 6.
646 1439 710 1512 lin.
730 1438 788 1511 36.
808 1434 1027 1537 imprellum
1060 1437 1246 1535 Tubingae
1272 1437 1311 1509 in
1328 1437 1484 1512 aedibus
1517 1439 1677 1513 Thomae
1701 1435 1900 1536 Ansteelmi

154 1601 157 1606 ·
284 1560 473 1682 Badensis.
501 1558 615 1634 Char.
632 1557 693 1631 lat.
710 1553 864 1630 minulc.
887 1553 963 1627 foll.
989 1554 1024 1629 6.
1040 1578 1121 1628 non
1141 1553 1228 1653 sign.
1245 1554 1308 1628 lin.
1327 1554 1385 1628 31.
1411 1562 1445 1644 4.

474 1698 605 1754 Panzen'
620 1694 727 1752 Annnl.
748 1695 881 1771 Typogr.
898 1694 933 1749 T.
944 1687 972 1748 8.
989 1712 1018 1768 p.
1028 1693 1092 1749 331.
1114 1692 1153 1748 N.
1161 1687 1209 1749 82.

381 1866 522 1968 553.-
539 1866 585 1940 Α.
612 1865 731 1939 Gellii
741 1861 816 1939 viri
843 1859 1078 1955 dilsertillimi
1102 1861 1276 1935 noctium
1301 1861 1501 1938 atticarum
1527 1862 1614 1939 libri
1643 1864 1731 1939 XX.
1748 1865 1896 1943 summa

284 1985 525 2063 accuratione
553 1983 707 2058 Ioannit
727 1980 885 2056 Conneli
903 1981 1091 2053 Carnoten.
1110 1978 1156 2052 ad
1173 1978 1476 2079 recognitionem
1506 1984 1760 2058 Ceroaldinam
1779 2011 1894 2085 repo-

135 2188 144 2197 ,
282 2102 337 2179 flti
352 2132 361 2177 ε
377 2129 467 2179 cum
483 2099 722 2202 alphabetico
741 2097 874 2173 indice.
893 2139 942 2154 -
958 2096 1065 2171 Haec
1087 2096 1126 2169 in
1148 2095 1331 2170 fronte-
1351 2123 1439 2171 cum
1462 2096 1589 2198 infign.
1618 2116 1769 2202 typogr.
1792 2104 1895 2179 lean.

279 2222 379 2295 Petit
392 2220 583 2320 (adeoque
598 2216 770 2314 Parisiis)
788 2215 850 2290 fol.
876 2216 953 2288 168.
966 2213 1001 2288 b.
1021 2213 1083 2287 lin.
1105 2213 1163 2287 33.
1176 2214 1270 2288 finis.
1300 2213 1411 2288 Char.
1429 2216 1532 2315 goth.
1554 2217 1689 2293 minut.
1707 2218 1784 2294 foll.
1812 2220 1892 2318 167.

282 2339 370 2439 [ign.
389 2338 430 2412 in
451 2351 534 2410 toto
555 2334 634 2409 168.
654 2334 716 2407 lin.
736 2339 793 2423 40.
811 2331 917 2433 gloss.
930 2357 1048 2431 marg.
1075 2338 1109 2421 4.

476 2472 579 2530 Editio
595 2471 687 2529 rariss'.
703 2472 737 2528 in
751 2468 858 2528 recens.
874 2489 935 2528 non
951 2488 1115 2533 occurrens.
1220 2542 1228 2555 ι

353 2700 361 2711 ·
378 2662 460 2752 554.
471 2703 517 2720 -
533 2660 638 2736 Lidii
654 2662 754 2734 catti
768 2661 969 2734 Bannatia
984 2658 1164 2763 opuscula
1176 2702 1221 2720 -
1239 2661 1344 2735 Haec
1359 2660 1399 2735 in
1414 2661 1541 2739 fronte
1551 2707 1600 2722 -
1615 2663 1678 2738 fol.
1697 2691 1730 2740 2.
1749 2669 1893 2767 Episto-

279 2785 317 2859 la
337 2781 489 2855 Hieron.
517 2778 674 2853 Avantii
693 2779 741 2855 ad
766 2780 1025 2879 Hieronymum
1057 2776 1244 2879 Quirinum
1279 2779 1453 2854 Venatum.
1481 2822 1525 2837 -
1540 2782 1633 2856 finit.
1660 2783 1723 2857 fol.
1762 2811 1839 2858 110.
1858 2787 1896 2863 b.

280 2899 344 2975 lin.
368 2926 397 2973 r.
413 2921 503 2971 cum
520 2896 675 2971 Ioannis
698 2896 856 2970 Tacuam'
870 2894 917 2970 de
945 2897 1093 2969 Tnilino
1116 2895 1329 2970 hexasticho
1346 2939 1395 2954 -
1411 2913 1448 2971 et
1469 2897 1596 2996 inssgn.
1613 2913 1765 3000 typogr.
1784 2904 1828 2980 L.
1854 2905 1892 2982 T.

281 3042 369 3093 cum
382 3015 502 3118 gratia
517 3030 556 3090 et
567 3014 781 3116 privilegio.
810 3013 921 3088 Char.
942 3014 1003 3088 lat.
1023 3013 1152 3113 grand.
1169 3013 1246 3088 foll.
1272 3040 1349 3088 110.
1367 3041 1446 3089 non
1463 3014 1550 3115 [ign.
1569 3017 1634 3094 lin.
1652 3045 1710 3117 29·
1738 3028 1771 3111 4.

470 3153 590 3212 matera·
606 3153 709 3210 Luxia.
729 3152 834 3209 erudit.
852 3155 888 3208 T.
903 3173 928 3209 1.
948 3171 1072 3228 1²·1717·
1088 3152 1221 3212 -venetiir
1236 3152 1377 3228 impreffa.

376 3344 520 3419 555-
538 3345 715 3418 Centones
739 3341 855 3451 Probe
873 3342 1072 3414 Falconzae
1099 3340 1145 3415 de
1170 3339 1372 3441 utriusque
1394 3344 1602 3419 testamenti
1629 3346 1812 3437 historiis,
1842 3335 1909 3426 ex.

281 3460 515 3549 carminibus
536 3461 688 3559 Wrgilii
704 3458 848 3535 selecti:
878 3484 966 3533 cum
991 3458 1237 3533 annotatione
1260 3459 1437 3534 locorum
1463 3487 1509 3536 ex
1534 3464 1674 3564 quibus
1699 3465 1888 3570 desumpti

279 3579 377 3657 lunt.
399 3578 558 3661 Haecin
573 3578 700 3654 fronte
717 3604 806 3654 cum
825 3576 974 3677 effigiae
993 3575 1134 3649 Probae
1151 3576 1344 3650 Romanae
1359 3579 1524 3681 Adelphi
1538 3585 1732 3660 uxoris-
1747 3588 1812 3662 fol.
1829 3616 1887 3664 20.

281 3694 928 3798 lin.31.imprellu1noppenhaym.
949 3695 1061 3770 Char.
1082 3695 1143 3769 lat.
1165 3694 1241 3770 foll.
1262 3722 1319 3769 20.
1340 3696 1402 3772 lin.
1424 3697 1482 3773 35.
1505 3707 1539 3789 4.

469 3834 590 3896 Meteri
613 3835 747 3891 Lexicon
764 3835 821 3890 litt.
839 3835 876 3890 T.
896 3851 921 3889 a.
942 3853 971 3909 p.
989 3833 1054 3889 510.
1072 3832 1232 3907 permultae
1256 3834 1344 3890 huius
1370 3837 1465 3910 operia
1490 3836 1631 3896 editiones
1650 3838 1754 3914 absque
1778 3841 1890 3897 indicio

564 3927 626 3984 loci
641 3941 693 3984 aut
709 3927 780 3983 anni
795 3925 890 3983 factae
903 3924 1030 3981 luerunt.

375 4098 518 4173 556.-
536 4096 687 4173 Bartoli
702 4097 851 4171 Lucani
864 4093 1061 4191 Wznenszi‚
1086 4090 1132 4166 ad
1149 4093 1395 4167 Innocentium
1420 4097 1647 4177 Pontificem
1664 4103 1765 4177 Max.
1784 4107 1889 4182 Vlll.

278 4214 415 4292 oratio.
433 4258 473 4275 -
487 4214 593 4291 Haec
616 4214 656 4287 in
680 4212 865 4288 fronte-
880 4211 943 4287 fol.
968 4231 997 4287 1.
1013 4210 1148 4311 incipit
1160 4212 1283 4289 oratio
1301 4211 1340 4286 in
1362 4213 1586 4289 verfibus-
1607 4220 1670 4294 fol.
1693 4224 1744 4295 15.
1765 4223 1828 4299 lin.
1853 4226 1886 4300 3.

135 4426 139 4431 ¹
276 4331 427 4408 dixi-
450 4330 675 4434 Sequuntur
695 4331 728 4405 3.
750 4329 956 4406 disticha-
978 4345 1016 4404 et
1035 4330 1122 4406 dein
1139 4358 1279 4417 unum,
1301 4332 1433 4433 inqua
1454 4333 1653 4434 imprellor
1670 4341 1784 4416 huius
1805 4370 1889 4418 ora·

273 4450 392 4526 tionis
416 4448 624 4527 Euchanits
643 4450 830 4551 (Typogr.
845 4448 1044 4548 romanus)
1062 4449 1294 4536 nominatur,
1313 4450 1376 4525 fol.
1401 4453 1454 4525 16.
1476 4459 1670 4535 annotatio
1694 4461 1787 4537 finit.
1802 4488 1884 4538 voc.

275 4566 428 4645 defuill‘e
445 4568 607 4647 videtur.
636 4568 748 4643 Char.
767 4594 911 4644 roman.
932 4568 1009 4642 1011.
1030 4567 1082 4641 16.
1105 4593 1184 4651 non
1200 4595 1347 4644 numer.
1366 4570 1428 4645 lin.
1447 4573 1504 4647 26.
1527 4575 1560 4648 6.

343 4792 348 4799 Ι
468 4707 626 4786 Incognita
643 4704 789 4765 Analistia.

204 4886 212 4897 ⁰
328 4897 421 4974 Voll.
447 4897 498 4974 ΙΙ.
1563 4903 1595 4973 Υ
