4320 5700
274 589 323 682 94
658 601 897 661 caraeoous
923 558 1299 661 etsuoenarmcus
1322 599 1477 660 noxve

374 806 515 878 27¹⁰-
538 779 647 874 Quae
665 781 704 855 in
717 781 793 856 hoc
808 784 1007 860 volumine
1023 785 1287 859 continentur:
1308 779 1535 880 Bdsanbm‘s
1551 776 1763 853 Cardiualis
1775 776 1886 851 Nice·

279 897 341 982 ni,
358 914 396 972 et
412 897 654 973 Patriarchae
673 900 1080 1001 Constantinopolitani
1105 902 1145 975 in
1162 901 1476 976 calumniatorem
1494 897 1664 971 Platonis
1682 895 1772 968 libri
1794 922 1885 995 qua·

279 1031 381 1102 tuor,
400 1018 497 1116 opu's
513 1016 683 1103 varium,
704 1044 748 1093 ac
763 1018 902 1093 doctill.
918 1017 959 1094 in
976 1048 1054 1121 quo
1073 1018 1365 1120 praeclarillima
1378 1016 1577 1118 quaeque,
1594 1032 1633 1088 et
1648 1013 1761 1113 digna
1770 1013 1882 1097 lectu,

279 1160 377 1234 quae
396 1161 419 1209 a
435 1134 589 1208 Platone
611 1134 747 1235 scripta
768 1134 853 1210 lun't
877 1137 927 1212 ad
943 1138 1120 1211 homines
1145 1154 1224 1211 tam
1246 1136 1439 1222 moribus,
1459 1160 1580 1235 quam
1601 1130 1808 1231 disciplinis
1829 1129 1884 1202 iu-

276 1251 492 1338 uniendos-‚-
509 1252 689 1338 breviter,
708 1256 885 1355 clareque
901 1310 910 1341 ‚
931 1272 969 1329 et
980 1256 1134 1355 placido
1150 1255 1244 1354 llylo
1260 1269 1474 1329 narrantur.
1487 1292 1533 1309 -
1549 1250 1722 1325 Ezitsdem
1733 1274 1884 1323 correc-

279 1370 335 1443 tio
357 1369 545 1445 librorum
561 1370 730 1444 Platonis
749 1370 795 1444 de
812 1372 1135 1473 legibus-Georgtb
1160 1374 1195 1444 Τ
1188 1374 1396 1473 ropezontzo
1417 1372 1650 1470 interprete,
1667 1368 1734 1441 ubi
1751 1366 1884 1467 pallim

277 1488 397 1562 verba
408 1513 543 1587 graeca
566 1488 677 1587 ipfius
697 1490 865 1564 Platonis
882 1492 1092 1565 recitantur
1115 1507 1154 1565 et
1166 1489 1384 1576 emendata,
1403 1506 1546 1563 etcum
1561 1486 1639 1561 luis
1652 1484 1881 1570 accentibus,

279 1631 369 1680 nam
386 1606 425 1677 in
442 1605 548 1679 libris
567 1606 707 1677 Romae
727 1606 819 1701 olim
838 1606 1021 1707 impressis
1041 1609 1180 1682 delunt.
1207 1604 1357 1681 Deinde
1373 1634 1395 1680 a
1415 1596 1629 1703 Bqffonbne
1642 1604 1750 1704 saepe
1775 1627 1886 1701 argu·

283 1737 417 1796 mento
435 1721 656 1822 praemissa,
674 1723 714 1797 in
730 1724 889 1797 latinum
913 1741 1126 1800 vertuntur.
1154 1727 1347 1799 Pollrcmo
1379 1724 1414 1795 T
1408 1725 1613 1825 ropezomii
1636 1721 1789 1797 tralatio
1804 1718 1885 1793 lub-

289 1838 460 1937 ungitur,
485 1838 590 1939 quod
608 1845 655 1913 est
673 1834 859 1941 perquam
877 1842 978 1933 utile¹
996 1842 1060 1928 iis,
1086 1843 1151 1943 qui
1174 1841 1317 1940 graecis
1346 1840 1464 1914 literis
1489 1839 1747 1925 instituuntur,
1773 1854 1886 1937 atque

284 1982 331 2031 ex
348 1955 491 2057 graecis
510 1956 640 2044 bonis,
664 1957 765 2030 bona
781 1954 896 2031 latina
914 1957 1038 2033 facere
1055 1958 1258 2032 volunt.—
1271 1958 1445 2032 Eiusdem
1457 1956 1503 2031 de
1518 1973 1656 2032 natura
1676 1972 1715 2030 et
1728 1970 1809 2029 arte
1822 1952 1884 2029 ad·
1955 1954 1959 1961 ’

280 2073 408 2147 versus
432 2073 595 2161 eundem
620 2074 893 2175 Trapezuntrism
918 2092 1102 2150 tractatus
1126 2075 1410 2178 admodumque
1437 2091 1589 2161 acutus,
1613 2099 1656 2147 ac
1682 2073 1882 2147 doctus.-

279 2191 452 2265 Ezissdem
467 2192 817 2293 Metaphyficorum
839 2189 1042 2290 Aristotelis
1056 2194 1179 2267 Xllll.
1198 2193 1387 2267 librorum
1406 2193 1627 2268 tralatio—
1652 2190 1889 2292 Theophrasti

284 2309 635 2409 Metaphyficorum
651 2309 713 2385 lib.
737 2340 764 2384 1.
782 2355 832 2370 -
856 2311 974 2385 ludex
997 2337 1133 2385 corum
1158 2310 1352 2398 omnium,
1381 2338 1478 2412 quae
1502 2309 1651 2409 singulis
1673 2307 1782 2383 libris
1798 2334 1883 2409 per-

271 2414 560 2501 tractantur-
579 2427 684 2500 Haec
702 2427 740 2500 in
758 2427 883 2502 fronte
900 2455 987 2501 cum
1004 2428 1129 2526 inlign.
1141 2430 1312 2533 Typogr.
1331 2430 1538 2502 Aldin-
1554 2426 1718 2527 Epillola
1737 2422 1887 2501 Aldiad

275 2545 485 2647 ,Martiarum
500 2544 858 2618 avenionensem—
877 2546 1024 2620 Tabula
1042 2563 1311 2621 contentorum
1322 2590 1366 2603 —
1386 2545 1449 2619 fol.
1477 2574 1504 2620 r.
1524 2544 1753 2642 Bqffan'om's
1769 2544 1810 2617 in
1828 2570 1885 2617 ca-

280 2662 553 2737 lumniatorem
569 2661 738 2735 Platonis
756 2663 851 2736 liber
871 2665 1088 2763 primus.-
1103 2664 1166 2738 fol.
1198 2668 1276 2739 160.
1294 2664 1381 2738 libri
1403 2656 1494 2737 sexti
1520 2662 1615 2737 finis.
1633 2702 1682 2719 -
1700 2662 1885 2763 Sequitur

278 2780 506 2880 Baeffarzom's
528 2796 597 2855 etc.
621 2780 970 2881 Metaplryficorum
1000 2782 1204 2880 Aristotelis
1227 2783 1332 2856 XIV.
1360 2782 1550 2856 librorum
1578 2779 1777 2856 translatio
1796 2806 1884 2854 curn

279 2898 407 2998 infign.
427 2916 577 3000 typogr.
598 2900 660 2972 fol.
683 2901 740 2971 55.
758 2898 820 2971 lin.
843 2926 895 2971 12.
919 2902 1076 2973 Venetus
1091 2902 1130 2974 in
1139 2901 1293 2975 aedibus
1311 2901 1451 2973 Aldiet
1462 2899 1632 2972 Andreae
1642 2899 1768 2971 Socen‘
1780 2924 1885 2973 meu·

276 3015 312 3092 le
330 3018 567 3121 Septembris
584 3018 637 3091 M.
648 3019 696 3092 D.
707 3017 814 3091 XVl.
835 3018 936 3091 Char
953 3018 1012 3092 lat.
1034 3018 1110 3091 foll.
1127 3018 1212 3115 fign.
1238 3020 1316 3091 160.
1332 3034 1370 3091 et
1381 3018 1438 3092 58.
1457 3014 1497 3089 in
1516 3032 1600 3091 toto
1612 3014 1697 3091 218.
1710 3015 1775 3090 lin.
1785 3018 1842 3091 55.
1859 3016 1882 3088 f.

467 3158 596 3213 Ponzeri
611 3158 716 3213 Annal.
738 3158 870 3233 Typogr.
889 3158 924 3213 T.
943 3152 971 3215 8.
989 3176 1018 3235 p.
1038 3159 1103 3233 4³4
1120 3156 1159 3213 N.
1175 3167 1239 3235 794.
1263 3157 1387 3213 Clemens
1403 3156 1442 3213 L.
1460 3175 1485 3213 o.
1503 3157 1539 3211 T.
1555 3156 1584 3213 ὅ.
1600 3174 1630 3233 p.
1640 3156 1712 3212 251.
1727 3110 1821 3213 editio
1838 3174 1882 3212 ra·

563 3250 682 3306 riffima.

371 3443 453 3514 272.
466 3457 512 3473 —
531 3419 819 3492 Memorabilium
840 3421 975 3495 aetatis
998 3438 1035 3495 et
1055 3421 1230 3495 omnium
1256 3420 1430 3521 gentium
1452 3418 1624 3493 chronici
1648 3434 1883 3493 commenta·

279 3535 327 3607 rii
345 3562 366 3608 a
382 3534 549 3607 Iohanne
567 3536 746 3608 Nooclero
761 3538 796 3609 J.
813 3539 860 3610 U.
885 3538 933 3610 D.
962 3537 1147 3635 Tubr'ngae
1170 3538 1383 3638 praepollto
1402 3555 1439 3612 et
1457 3536 1708 3645 universitatis
1726 3536 1882 3611 Cancel⁴

275 3654 370 3728 lario
397 3651 522 3751 digesti
542 3653 581 3727 in
602 3679 744 3727 annum
769 3653 895 3729 salutis
916 3657 1027 3728 MD.
1045 3655 1190 3731 adiecta
1212 3682 1485 3755 germanorum
1511 3655 1626 3729 rebus
1653 3654 1807 3729 historia
1831 3652 1878 3727 de

273 3773 493 3848 Suevorum
511 3789 600 3847 ortu
621 3771 796 3846 institutis
811 3799 854 3847 ac
870 3772 1036 3873 imperio
1047 3774 1361 3876 complevitopus
1380 3774 1591 3847 f.N1'colaus
1607 3768 1777 3869 Baseleiss
1789 3770 1880 3845 Hir-

271 3890 469 3991 laugienfis
489 3890 596 3964 annis
613 3891 711 3964 XlV.
731 3891 777 3965 ad
794 3891 847 3964 Μ.
868 3891 1072 3967 additis.-·
1090 3893 1230 3992 insigne
1257 3894 1435 3966 Noucl'cri
1448 3908 1485 3966 et
1508 3890 1604 3966 infra
1620 3910 1669 3965 cx
1692 3890 1879 3989 Tubingae

181 3990 186 4003 ²
272 4014 422 4086 Sueoioe
451 4010 560 4084 urbe.
586 4011 751 4083 Cautum
771 4010 1032 4084 Moxzmz'lzoni
1053 4011 1294 4110 imperatoris
1322 4011 1475 4085 decreto
1492 4009 1698 4108 Privilegio
1720 4034 1769 4083 ne
1791 4008 1879 4109 quis

271 4129 371 4202 intra
391 4128 617 4202 decennium
633 4128 803 4204 excudat.¹
820 4172 869 4186 -
885 4130 990 4203 Haec
1009 4130 1048 4202 iu
1066 4130 1247 4204 fronte-
1267 4129 1331 4202 fol.
1352 4127 1434 4202 cod.
1456 4128 1619 4227 Epillola
1644 4126 1795 4224 Erosmr'
1805 4128 1882 4200 Ro·

269 4246 448 4318 terodomi
462 4245 509 4318 ad
534 4245 778 4345 Tlieologum
803 4245 1011 4344 Anselmom
1029 4290 1079 4305 --
1105 4247 1209 4321 loon.
1240 4247 1441 4321 Reochlini
1454 4244 1675 4322 Phorceufis
1694 4261 1880 4347 tanquam

270 4359 427 4436 editoris
440 4361 642 4458 praefacio.
656 4406 697 4421 -
719 4364 893 4437 Index-
911 4366 975 4440 lol.
1003 4394 1032 4439 1.
1055 4365 1248 4463 generatio
1268 4365 1449 4466 prima-
1469 4366 1533 4440 fol.
1558 4392 1635 4465 ¹9¹·
1654 4363 1717 4438 lin.
1732 4362 1878 4463 Sppri-

268 4479 324 4554 mi
339 4477 544 4557 voluminis
561 4479 647 4551 finis
660 4520 710 4537 —-
737 4482 920 4582 Sequitur
942 4485 989 4557 D.
1018 4484 1172 4557 Ioannis
1197 4484 1375 4556 Nouclorz'
1393 4482 1641 4581 Tubingensls
1666 4480 1876 4580 Praeposlti

266 4595 536 4672 chronicarum
552 4595 791 4671 historiarum
802 4597 1007 4673 secundum
1016 4602 1198 4675 volumen
1208 4601 1380 4699 partibus
1393 4601 1605 4675 distinctum
1616 4599 1782 4685 duabus,
1794 4622 1875 4699 quo

266 4716 341 4791 luis
362 4715 477 4790 etiam
493 4713 683 4788 indicibus
699 4718 896 4821 censentur
914 4734 1043 4802 ‚etc—
1061 4745 1153 4815 ergo
1175 4721 1255 4818 lege
1273 4764 1318 4776 --
1343 4720 1448 4794 Haec
1463 4719 1503 4792 iu
1518 4719 1700 4793 fronte-
1715 4717 1779 4791 sol.
1789 4716 1875 4791 eod.

270 4833 387 4913 Nicol.
412 4833 559 4934 Bofilci'
581 4833 798 4912 exhortatio
818 4876 863 4897 ·-
894 4835 1008 4913 index
1033 4836 1161 4938 operis
1178 4878 1224 4930 ·.·.·.
1250 4837 1314 4915 fol.
1338 4865 1368 4914 1.
1392 4864 1489 4940 opus
1509 4834 1770 4939 ipsum-fol.
1787 4834 1874 4931 317.
