<?xml version="1.0" encoding="UTF-8"?>
<!DOCTYPE html PUBLIC "-//W3C//DTD XHTML 1.0 Transitional//EN"
    "http://www.w3.org/TR/xhtml1/DTD/xhtml1-transitional.dtd">
<html xmlns="http://www.w3.org/1999/xhtml" xml:lang="en" lang="en">
 <head>
  <title>
</title>
<meta http-equiv="Content-Type" content="text/html;charset=utf-8" />
  <meta name='ocr-system' content='tesseract 3.04.00' />
  <meta name='ocr-capabilities' content='ocr_page ocr_carea ocr_par ocr_line ocrx_word'/>
</head>
<body>
  <div class='ocr_page' id='page_1' title='image "./catalogusbiblio03biblgoog_0114.png"; bbox 0 0 4320 5700; ppageno 0'>
   <div class='ocr_carea' id='block_1_1' title="bbox 693 607 1904 700">
    <p class='ocr_par' dir='ltr' id='par_1_1' title="bbox 693 607 1904 700">
     <span class='ocr_line' id='line_1_1' title="bbox 693 607 1904 700; baseline 0.004 -28"><span class='ocrx_word' id='word_1_1' title='bbox 693 609 1335 700; x_wconf 47' lang='lat' dir='ltr'>caratoous‘mnmocnarrucus</span> <span class='ocrx_word' id='word_1_2' title='bbox 1362 611 1502 669; x_wconf 77' lang='lat' dir='ltr'>nonu.</span> <span class='ocrx_word' id='word_1_3' title='bbox 1665 672 1668 677; x_wconf 17' lang='lat'><em>⁴</em></span> <span class='ocrx_word' id='word_1_4' title='bbox 1856 607 1904 677; x_wconf 80' lang='lat'>65</span> 
     </span>
    </p>
   </div>
   <div class='ocr_carea' id='block_1_2' title="bbox 277 790 2002 1848">
    <p class='ocr_par' dir='ltr' id='par_1_2' title="bbox 277 790 2002 1848">
     <span class='ocr_line' id='line_1_2' title="bbox 398 790 1906 896; baseline -0.001 -24"><span class='ocrx_word' id='word_1_5' title='bbox 398 801 474 896; x_wconf 87' lang='lat'>189.</span> <span class='ocrx_word' id='word_1_6' title='bbox 493 822 585 894; x_wconf 53' lang='grc' dir='ltr'>α.-</span> <span class='ocrx_word' id='word_1_7' title='bbox 606 795 718 893; x_wconf 82' lang='lat' dir='ltr'>Opere</span> <span class='ocrx_word' id='word_1_8' title='bbox 737 793 797 866; x_wconf 91' lang='lat' dir='ltr'>del</span> <span class='ocrx_word' id='word_1_9' title='bbox 817 792 947 866; x_wconf 90' lang='lat' dir='ltr'>divino</span> <span class='ocrx_word' id='word_1_10' title='bbox 967 790 1085 865; x_wconf 89' lang='lat' dir='ltr'>Poeta</span> <span class='ocrx_word' id='word_1_11' title='bbox 1119 791 1269 864; x_wconf 71' lang='lat' dir='ltr'>Darathe</span> <span class='ocrx_word' id='word_1_12' title='bbox 1293 818 1365 864; x_wconf 91' lang='lat' dir='ltr'>con</span> <span class='ocrx_word' id='word_1_13' title='bbox 1389 791 1468 865; x_wconf 88' lang='lat' dir='ltr'>luoi</span> <span class='ocrx_word' id='word_1_14' title='bbox 1488 793 1675 866; x_wconf 87' lang='lat' dir='ltr'>comenti:</span> <span class='ocrx_word' id='word_1_15' title='bbox 1698 798 1906 870; x_wconf 83' lang='lat' dir='ltr'>recorrecti</span> 
     </span>
     <span class='ocr_line' id='line_1_3' title="bbox 296 908 1903 1014; baseline -0.002 -23"><span class='ocrx_word' id='word_1_16' title='bbox 296 933 334 991; x_wconf 86' lang='lat' dir='ltr'>et</span> <span class='ocrx_word' id='word_1_17' title='bbox 349 942 424 990; x_wconf 87' lang='lat' dir='ltr'>con</span> <span class='ocrx_word' id='word_1_18' title='bbox 443 913 531 1014; x_wconf 89' lang='lat' dir='ltr'>ogni</span> <span class='ocrx_word' id='word_1_19' title='bbox 552 911 746 1009; x_wconf 78' lang='lat' dir='ltr'>diligentia</span> <span class='ocrx_word' id='word_1_20' title='bbox 771 924 1001 984; x_wconf 87' lang='lat' dir='ltr'>novamente</span> <span class='ocrx_word' id='word_1_21' title='bbox 1020 909 1060 981; x_wconf 91' lang='lat' dir='ltr'>in</span> <span class='ocrx_word' id='word_1_22' title='bbox 1079 908 1204 982; x_wconf 88' lang='lat' dir='ltr'>littera</span> <span class='ocrx_word' id='word_1_23' title='bbox 1221 909 1365 983; x_wconf 83' lang='lat' dir='ltr'>curfiva</span> <span class='ocrx_word' id='word_1_24' title='bbox 1384 909 1568 1008; x_wconf 85' lang='lat' dir='ltr'>imprelle.</span> <span class='ocrx_word' id='word_1_25' title='bbox 1596 916 1639 984; x_wconf 92' lang='lat' dir='ltr'>ln</span> <span class='ocrx_word' id='word_1_26' title='bbox 1664 912 1903 987; x_wconf 83' lang='lat' dir='ltr'>Bibliotheca</span> 
     </span>
     <span class='ocr_line' id='line_1_4' title="bbox 294 1027 1901 1125; baseline -0.002 -16"><span class='ocrx_word' id='word_1_27' title='bbox 294 1037 332 1109; x_wconf 79' lang='lat' dir='ltr'>S.</span> <span class='ocrx_word' id='word_1_28' title='bbox 355 1034 643 1107; x_wconf 80' lang='lat' dir='ltr'>Bemardini.-</span> <span class='ocrx_word' id='word_1_29' title='bbox 658 1032 763 1104; x_wconf 90' lang='lat' dir='ltr'>Haec</span> <span class='ocrx_word' id='word_1_30' title='bbox 785 1029 824 1101; x_wconf 93' lang='lat' dir='ltr'>in</span> <span class='ocrx_word' id='word_1_31' title='bbox 839 1029 965 1101; x_wconf 80' lang='lat' dir='ltr'>fronte</span> <span class='ocrx_word' id='word_1_32' title='bbox 986 1027 1104 1099; x_wconf 88' lang='lat' dir='ltr'>limbo</span> <span class='ocrx_word' id='word_1_33' title='bbox 1123 1042 1161 1099; x_wconf 87' lang='lat' dir='ltr'>et</span> <span class='ocrx_word' id='word_1_34' title='bbox 1178 1027 1304 1125; x_wconf 83' lang='lat' dir='ltr'>effigie</span> <span class='ocrx_word' id='word_1_35' title='bbox 1322 1028 1360 1101; x_wconf 87' lang='lat' dir='ltr'>S.</span> <span class='ocrx_word' id='word_1_36' title='bbox 1382 1029 1566 1101; x_wconf 83' lang='lat' dir='ltr'>Bemardi</span> <span class='ocrx_word' id='word_1_37' title='bbox 1580 1047 1770 1105; x_wconf 88' lang='lat' dir='ltr'>coronata.</span> <span class='ocrx_word' id='word_1_38' title='bbox 1786 1032 1847 1104; x_wconf 88' lang='lat' dir='ltr'>fol.</span> <span class='ocrx_word' id='word_1_39' title='bbox 1873 1060 1901 1106; x_wconf 91' lang='lat'>1.</span> 
     </span>
     <span class='ocr_line' id='line_1_5' title="bbox 277 1143 1904 1247; baseline -0.002 -21"><span class='ocrx_word' id='word_1_40' title='bbox 277 1154 329 1226; x_wconf 82' lang='lat' dir='ltr'>-b.</span> <span class='ocrx_word' id='word_1_41' title='bbox 350 1168 527 1226; x_wconf 90' lang='lat' dir='ltr'>comento</span> <span class='ocrx_word' id='word_1_42' title='bbox 546 1150 592 1223; x_wconf 87' lang='lat' dir='ltr'>de</span> <span class='ocrx_word' id='word_1_43' title='bbox 614 1145 863 1247; x_wconf 81' lang='lat' dir='ltr'>Christophoro</span> <span class='ocrx_word' id='word_1_44' title='bbox 879 1146 1051 1218; x_wconf 80' lang='lat' dir='ltr'>Laridirzo</span> <span class='ocrx_word' id='word_1_45' title='bbox 1072 1144 1276 1218; x_wconf 83' lang='lat' dir='ltr'>florentino</span> <span class='ocrx_word' id='word_1_46' title='bbox 1303 1143 1414 1245; x_wconf 85' lang='lat' dir='ltr'>sopra</span> <span class='ocrx_word' id='word_1_47' title='bbox 1440 1146 1475 1219; x_wconf 93' lang='lat' dir='ltr'>la</span> <span class='ocrx_word' id='word_1_48' title='bbox 1503 1147 1677 1222; x_wconf 87' lang='lat' dir='ltr'>comedia</span> <span class='ocrx_word' id='word_1_49' title='bbox 1698 1148 1735 1220; x_wconf 86' lang='lat' dir='ltr'>rli</span> <span class='ocrx_word' id='word_1_50' title='bbox 1753 1149 1904 1223; x_wconf 73' lang='lat' dir='ltr'>Darathe</span> 
     </span>
     <span class='ocr_line' id='line_1_6' title="bbox 294 1261 1902 1369; baseline -0.001 -26"><span class='ocrx_word' id='word_1_51' title='bbox 294 1271 471 1369; x_wconf 80' lang='lat' dir='ltr'>Alghieri</span> <span class='ocrx_word' id='word_1_52' title='bbox 487 1284 602 1367; x_wconf 89' lang='lat' dir='ltr'>poeta</span> <span class='ocrx_word' id='word_1_53' title='bbox 622 1266 826 1340; x_wconf 80' lang='lat' dir='ltr'>florentino</span> <span class='ocrx_word' id='word_1_54' title='bbox 846 1310 887 1325; x_wconf 91' lang='lat'>-</span> <span class='ocrx_word' id='word_1_55' title='bbox 906 1267 985 1362; x_wconf 90' lang='lat' dir='ltr'>post</span> <span class='ocrx_word' id='word_1_56' title='bbox 1010 1263 1093 1335; x_wconf 41' lang='lat' dir='ltr'>solt*</span> <span class='ocrx_word' id='word_1_57' title='bbox 1112 1288 1164 1334; x_wconf 88' lang='lat'>12.</span> <span class='ocrx_word' id='word_1_58' title='bbox 1182 1287 1261 1334; x_wconf 91' lang='lat' dir='ltr'>non</span> <span class='ocrx_word' id='word_1_59' title='bbox 1279 1261 1365 1361; x_wconf 82' lang='lat' dir='ltr'>fign.</span> <span class='ocrx_word' id='word_1_60' title='bbox 1388 1263 1523 1362; x_wconf 82' lang='lat' dir='ltr'>incipit</span> <span class='ocrx_word' id='word_1_61' title='bbox 1542 1265 1663 1339; x_wconf 88' lang='lat' dir='ltr'>Canto</span> <span class='ocrx_word' id='word_1_62' title='bbox 1684 1265 1811 1365; x_wconf 94' lang='lat' dir='ltr'>primo</span> <span class='ocrx_word' id='word_1_63' title='bbox 1828 1294 1902 1342; x_wconf 89' lang='lat' dir='ltr'>con</span> 
     </span>
     <span class='ocr_line' id='line_1_7' title="bbox 290 1379 1903 1481; baseline -0.001 -21"><span class='ocrx_word' id='word_1_64' title='bbox 290 1389 318 1460; x_wconf 87' lang='lat' dir='ltr'>il</span> <span class='ocrx_word' id='word_1_65' title='bbox 335 1402 514 1461; x_wconf 89' lang='lat' dir='ltr'>comento</span> <span class='ocrx_word' id='word_1_66' title='bbox 526 1426 574 1441; x_wconf 90' lang='lat'><em>—</em></span> <span class='ocrx_word' id='word_1_67' title='bbox 591 1384 654 1457; x_wconf 85' lang='lat' dir='ltr'>sol.</span> <span class='ocrx_word' id='word_1_68' title='bbox 678 1384 759 1481; x_wconf 81' lang='grc'>439.</span> <span class='ocrx_word' id='word_1_69' title='bbox 780 1382 815 1456; x_wconf 87' lang='lat' dir='ltr'>b.</span> <span class='ocrx_word' id='word_1_70' title='bbox 834 1381 896 1454; x_wconf 89' lang='lat' dir='ltr'>lin.</span> <span class='ocrx_word' id='word_1_71' title='bbox 916 1383 972 1468; x_wconf 88' lang='grc'>45.</span> <span class='ocrx_word' id='word_1_72' title='bbox 991 1381 1067 1453; x_wconf 87' lang='lat' dir='ltr'>fine</span> <span class='ocrx_word' id='word_1_73' title='bbox 1084 1379 1144 1453; x_wconf 87' lang='lat' dir='ltr'>del</span> <span class='ocrx_word' id='word_1_74' title='bbox 1165 1395 1344 1453; x_wconf 89' lang='lat' dir='ltr'>comento</span> <span class='ocrx_word' id='word_1_75' title='bbox 1357 1379 1394 1452; x_wconf 92' lang='lat' dir='ltr'>di</span> <span class='ocrx_word' id='word_1_76' title='bbox 1414 1381 1630 1480; x_wconf 69' lang='lat' dir='ltr'>Chrzsufiero</span> <span class='ocrx_word' id='word_1_77' title='bbox 1645 1384 1817 1459; x_wconf 84' lang='lat' dir='ltr'>Londino</span> <span class='ocrx_word' id='word_1_78' title='bbox 1834 1388 1903 1459; x_wconf 87' lang='lat' dir='ltr'>fio-</span> 
     </span>
     <span class='ocr_line' id='line_1_8' title="bbox 290 1497 1902 1602; baseline -0.001 -23"><span class='ocrx_word' id='word_1_79' title='bbox 290 1505 443 1580; x_wconf 87' lang='lat' dir='ltr'>rentino</span> <span class='ocrx_word' id='word_1_80' title='bbox 458 1502 570 1602; x_wconf 84' lang='lat' dir='ltr'>sopra</span> <span class='ocrx_word' id='word_1_81' title='bbox 587 1505 621 1576; x_wconf 89' lang='lat' dir='ltr'>la</span> <span class='ocrx_word' id='word_1_82' title='bbox 642 1501 825 1574; x_wconf 87' lang='lat' dir='ltr'>Comedia</span> <span class='ocrx_word' id='word_1_83' title='bbox 853 1499 889 1571; x_wconf 95' lang='lat' dir='ltr'>di</span> <span class='ocrx_word' id='word_1_84' title='bbox 910 1497 1060 1569; x_wconf 77' lang='lat' dir='ltr'>Danthe</span> <span class='ocrx_word' id='word_1_85' title='bbox 1075 1540 1122 1552; x_wconf 81' lang='lat'>-</span> <span class='ocrx_word' id='word_1_86' title='bbox 1140 1497 1273 1570; x_wconf 82' lang='lat' dir='ltr'>revilla</span> <span class='ocrx_word' id='word_1_87' title='bbox 1297 1514 1334 1570; x_wconf 91' lang='lat' dir='ltr'>et</span> <span class='ocrx_word' id='word_1_88' title='bbox 1353 1498 1553 1572; x_wconf 87' lang='lat' dir='ltr'>emendata</span> <span class='ocrx_word' id='word_1_89' title='bbox 1572 1542 1620 1559; x_wconf 87' lang='lat'><em>-</em></span> <span class='ocrx_word' id='word_1_90' title='bbox 1641 1528 1712 1600; x_wconf 90' lang='lat' dir='ltr'>per</span> <span class='ocrx_word' id='word_1_91' title='bbox 1734 1504 1769 1575; x_wconf 88' lang='lat' dir='ltr'>el</span> <span class='ocrx_word' id='word_1_92' title='bbox 1794 1530 1902 1577; x_wconf 89' lang='lat' dir='ltr'>reve-</span> 
     </span>
     <span class='ocr_line' id='line_1_9' title="bbox 289 1606 2002 1715; baseline 0 -19"><span class='ocrx_word' id='word_1_93' title='bbox 289 1623 410 1697; x_wconf 90' lang='lat' dir='ltr'>rendo</span> <span class='ocrx_word' id='word_1_94' title='bbox 431 1625 589 1695; x_wconf 84' lang='lat' dir='ltr'>maestro</span> <span class='ocrx_word' id='word_1_95' title='bbox 609 1619 729 1693; x_wconf 67' lang='lat' dir='ltr'>Pietro</span> <span class='ocrx_word' id='word_1_96' title='bbox 745 1619 791 1692; x_wconf 87' lang='lat' dir='ltr'>da</span> <span class='ocrx_word' id='word_1_97' title='bbox 808 1619 939 1715; x_wconf 59' lang='lat' dir='ltr'>higino</span> <span class='ocrx_word' id='word_1_98' title='bbox 959 1618 1115 1689; x_wconf 82' lang='lat' dir='ltr'>maestro</span> <span class='ocrx_word' id='word_1_99' title='bbox 1133 1614 1172 1688; x_wconf 90' lang='lat' dir='ltr'>in</span> <span class='ocrx_word' id='word_1_100' title='bbox 1188 1615 1399 1713; x_wconf 88' lang='lat' dir='ltr'>Theologia</span> <span class='ocrx_word' id='word_1_101' title='bbox 1413 1659 1458 1672; x_wconf 89' lang='lat'>-</span> <span class='ocrx_word' id='word_1_102' title='bbox 1477 1616 1537 1690; x_wconf 91' lang='lat' dir='ltr'>del</span> <span class='ocrx_word' id='word_1_103' title='bbox 1558 1606 1691 1692; x_wconf 85' lang='lat' dir='ltr'>ordine</span> <span class='ocrx_word' id='word_1_104' title='bbox 1713 1618 1758 1692; x_wconf 90' lang='lat' dir='ltr'>de</span> <span class='ocrx_word' id='word_1_105' title='bbox 1780 1621 1903 1696; x_wconf 86' lang='lat' dir='ltr'>mino·</span> <span class='ocrx_word' id='word_1_106' title='bbox 1995 1691 2002 1698; x_wconf 75' lang='grc'>,.</span> 
     </span>
     <span class='ocr_line' id='line_1_10' title="bbox 289 1734 1952 1848; baseline 0.001 -35"><span class='ocrx_word' id='word_1_107' title='bbox 289 1742 323 1813; x_wconf 90' lang='lat' dir='ltr'>ri</span> <span class='ocrx_word' id='word_1_108' title='bbox 347 1754 415 1813; x_wconf 90' lang='lat' dir='ltr'>etc.</span> <span class='ocrx_word' id='word_1_109' title='bbox 437 1736 616 1838; x_wconf 83' lang='lat' dir='ltr'>lmpreila</span> <span class='ocrx_word' id='word_1_110' title='bbox 635 1738 675 1810; x_wconf 93' lang='lat' dir='ltr'>in</span> <span class='ocrx_word' id='word_1_111' title='bbox 696 1738 843 1809; x_wconf 82' lang='lat' dir='ltr'>Venetia</span> <span class='ocrx_word' id='word_1_112' title='bbox 862 1761 931 1833; x_wconf 86' lang='lat' dir='ltr'>per</span> <span class='ocrx_word' id='word_1_113' title='bbox 948 1734 1060 1829; x_wconf 69' lang='lat' dir='ltr'>Miser</span> <span class='ocrx_word' id='word_1_114' title='bbox 1081 1734 1308 1806; x_wconf 83' lang='lat' dir='ltr'>Bemardino</span> <span class='ocrx_word' id='word_1_115' title='bbox 1329 1735 1506 1848; x_wconf 68' lang='lat' dir='ltr'>Stagmiro</span> <span class='ocrx_word' id='word_1_116' title='bbox 1531 1735 1577 1810; x_wconf 87' lang='lat' dir='ltr'>da</span> <span class='ocrx_word' id='word_1_117' title='bbox 1600 1735 1707 1809; x_wconf 84' lang='lat' dir='ltr'>Trino</span> <span class='ocrx_word' id='word_1_118' title='bbox 1729 1737 1774 1811; x_wconf 90' lang='lat' dir='ltr'>de</span> <span class='ocrx_word' id='word_1_119' title='bbox 1800 1740 1904 1814; x_wconf 83' lang='lat' dir='ltr'>Mon·</span> <span class='ocrx_word' id='word_1_120' title='bbox 1950 1790 1952 1795; x_wconf 93' lang='lat'>-</span> 
     </span>
    </p>
   </div>
   <div class='ocr_carea' id='block_1_3' title="bbox 173 1833 2042 1955">
    <p class='ocr_par' dir='ltr' id='par_1_3' title="bbox 173 1833 2042 1955">
     <span class='ocr_line' id='line_1_11' title="bbox 173 1833 2042 1955; baseline 0.002 -27"><span class='ocrx_word' id='word_1_121' title='bbox 173 1912 202 1942; x_wconf 58' lang='grc'>,.</span> <span class='ocrx_word' id='word_1_122' title='bbox 277 1856 387 1955; x_wconf 84' lang='lat' dir='ltr'>serra</span> <span class='ocrx_word' id='word_1_123' title='bbox 410 1857 470 1929; x_wconf 88' lang='lat' dir='ltr'>del</span> <span class='ocrx_word' id='word_1_124' title='bbox 487 1855 656 1928; x_wconf 87' lang='lat' dir='ltr'>MDXll.</span> <span class='ocrx_word' id='word_1_125' title='bbox 684 1854 759 1926; x_wconf 85' lang='lat' dir='ltr'>Adi</span> <span class='ocrx_word' id='word_1_126' title='bbox 777 1852 924 1924; x_wconf 88' lang='lat' dir='ltr'>XXIV.</span> <span class='ocrx_word' id='word_1_127' title='bbox 948 1851 1245 1953; x_wconf 66' lang='lat' dir='ltr'>Novembrio-5</span> <span class='ocrx_word' id='word_1_128' title='bbox 1261 1851 1323 1924; x_wconf 86' lang='lat' dir='ltr'>sol.</span> <span class='ocrx_word' id='word_1_129' title='bbox 1345 1858 1426 1941; x_wconf 83' lang='grc'>440.</span> <span class='ocrx_word' id='word_1_130' title='bbox 1444 1853 1672 1928; x_wconf 85' lang='lat' dir='ltr'>incomincia</span> <span class='ocrx_word' id='word_1_131' title='bbox 1690 1855 1714 1928; x_wconf 93' lang='lat' dir='ltr'>il</span> <span class='ocrx_word' id='word_1_132' title='bbox 1734 1857 1848 1932; x_wconf 91' lang='lat' dir='ltr'>credo</span> <span class='ocrx_word' id='word_1_133' title='bbox 1866 1858 1905 1931; x_wconf 89' lang='lat' dir='ltr'>di</span> <span class='ocrx_word' id='word_1_134' title='bbox 2028 1833 2042 1862; x_wconf 38' lang='lat' dir='ltr'>i</span> 
     </span>
    </p>
   </div>
   <div class='ocr_carea' id='block_1_4' title="bbox 287 1969 1904 2310">
    <p class='ocr_par' dir='ltr' id='par_1_4' title="bbox 287 1969 1904 2310">
     <span class='ocr_line' id='line_1_12' title="bbox 288 1969 1902 2076; baseline 0.001 -31"><span class='ocrx_word' id='word_1_135' title='bbox 288 1974 438 2047; x_wconf 73' lang='lat' dir='ltr'>Darathe</span> <span class='ocrx_word' id='word_1_136' title='bbox 456 2017 502 2031; x_wconf 95' lang='lat'><em>-</em></span> <span class='ocrx_word' id='word_1_137' title='bbox 522 1973 605 2046; x_wconf 89' lang='lat' dir='ltr'>finit</span> <span class='ocrx_word' id='word_1_138' title='bbox 622 1972 684 2044; x_wconf 85' lang='lat' dir='ltr'>fol.</span> <span class='ocrx_word' id='word_1_139' title='bbox 706 1977 789 2061; x_wconf 72' lang='grc'>441.</span> <span class='ocrx_word' id='word_1_140' title='bbox 819 1996 892 2042; x_wconf 91' lang='lat' dir='ltr'>con</span> <span class='ocrx_word' id='word_1_141' title='bbox 917 1969 943 2039; x_wconf 94' lang='lat' dir='ltr'>il</span> <span class='ocrx_word' id='word_1_142' title='bbox 967 1969 1081 2041; x_wconf 87' lang='lat' dir='ltr'>Pater</span> <span class='ocrx_word' id='word_1_143' title='bbox 1108 1975 1234 2042; x_wconf 88' lang='lat' dir='ltr'>nostro</span> <span class='ocrx_word' id='word_1_144' title='bbox 1255 1985 1293 2042; x_wconf 92' lang='lat' dir='ltr'>et</span> <span class='ocrx_word' id='word_1_145' title='bbox 1313 1969 1398 2043; x_wconf 85' lang='lat' dir='ltr'>Ave</span> <span class='ocrx_word' id='word_1_146' title='bbox 1420 1971 1542 2045; x_wconf 89' lang='lat' dir='ltr'>Maria</span> <span class='ocrx_word' id='word_1_147' title='bbox 1570 1972 1606 2045; x_wconf 94' lang='lat' dir='ltr'>di</span> <span class='ocrx_word' id='word_1_148' title='bbox 1625 1974 1776 2058; x_wconf 69' lang='lat' dir='ltr'>Darathe</span> <span class='ocrx_word' id='word_1_149' title='bbox 1794 2016 1840 2032; x_wconf 88' lang='lat'>-</span> <span class='ocrx_word' id='word_1_150' title='bbox 1864 1994 1902 2076; x_wconf 88' lang='lat' dir='ltr'>et</span> 
     </span>
     <span class='ocr_line' id='line_1_13' title="bbox 288 2086 1904 2192; baseline 0.002 -30"><span class='ocrx_word' id='word_1_151' title='bbox 288 2091 387 2165; x_wconf 85' lang='lat' dir='ltr'>infra</span> <span class='ocrx_word' id='word_1_152' title='bbox 402 2092 465 2164; x_wconf 92' lang='lat' dir='ltr'>lin.</span> <span class='ocrx_word' id='word_1_153' title='bbox 489 2098 547 2178; x_wconf 73' lang='grc'>24.</span> <span class='ocrx_word' id='word_1_154' title='bbox 572 2115 659 2162; x_wconf 93' lang='lat' dir='ltr'>curn</span> <span class='ocrx_word' id='word_1_155' title='bbox 679 2089 832 2186; x_wconf 88' lang='lat' dir='ltr'>registro</span> <span class='ocrx_word' id='word_1_156' title='bbox 845 2087 921 2168; x_wconf 83' lang='lat' dir='ltr'>loll.</span> <span class='ocrx_word' id='word_1_157' title='bbox 943 2086 1124 2185; x_wconf 84' lang='lat' dir='ltr'>etinfign.</span> <span class='ocrx_word' id='word_1_158' title='bbox 1144 2103 1295 2185; x_wconf 86' lang='lat' dir='ltr'>typogr.</span> <span class='ocrx_word' id='word_1_159' title='bbox 1310 2087 1421 2161; x_wconf 85' lang='lat' dir='ltr'>Char.</span> <span class='ocrx_word' id='word_1_160' title='bbox 1435 2088 1495 2161; x_wconf 90' lang='lat' dir='ltr'>lat.</span> <span class='ocrx_word' id='word_1_161' title='bbox 1510 2090 1601 2187; x_wconf 85' lang='lat' dir='ltr'>eleg.</span> <span class='ocrx_word' id='word_1_162' title='bbox 1616 2091 1655 2163; x_wconf 95' lang='lat' dir='ltr'>in</span> <span class='ocrx_word' id='word_1_163' title='bbox 1670 2107 1778 2165; x_wconf 86' lang='lat' dir='ltr'>textu</span> <span class='ocrx_word' id='word_1_164' title='bbox 1793 2119 1904 2192; x_wconf 90' lang='lat' dir='ltr'>gran-</span> 
     </span>
     <span class='ocr_line' id='line_1_14' title="bbox 287 2203 1901 2310; baseline 0 -30"><span class='ocrx_word' id='word_1_165' title='bbox 287 2208 344 2281; x_wconf 84' lang='lat' dir='ltr'>dis</span> <span class='ocrx_word' id='word_1_166' title='bbox 365 2209 405 2281; x_wconf 92' lang='lat' dir='ltr'>in</span> <span class='ocrx_word' id='word_1_167' title='bbox 427 2223 630 2281; x_wconf 88' lang='lat' dir='ltr'>comment.</span> <span class='ocrx_word' id='word_1_168' title='bbox 649 2203 802 2277; x_wconf 86' lang='lat' dir='ltr'>minulc.</span> <span class='ocrx_word' id='word_1_169' title='bbox 823 2205 963 2300; x_wconf 86' lang='lat' dir='ltr'>figurae</span> <span class='ocrx_word' id='word_1_170' title='bbox 984 2204 1206 2302; x_wconf 86' lang='lat' dir='ltr'>permultae.</span> <span class='ocrx_word' id='word_1_171' title='bbox 1227 2204 1317 2278; x_wconf 89' lang='lat' dir='ltr'>Litt.</span> <span class='ocrx_word' id='word_1_172' title='bbox 1339 2204 1418 2279; x_wconf 90' lang='lat' dir='ltr'>init.</span> <span class='ocrx_word' id='word_1_173' title='bbox 1437 2205 1570 2281; x_wconf 84' lang='lat' dir='ltr'>incisae</span> <span class='ocrx_word' id='word_1_174' title='bbox 1588 2207 1687 2306; x_wconf 85' lang='lat' dir='ltr'>gloll.</span> <span class='ocrx_word' id='word_1_175' title='bbox 1708 2235 1823 2310; x_wconf 83' lang='lat' dir='ltr'>marg.</span> <span class='ocrx_word' id='word_1_176' title='bbox 1837 2212 1901 2286; x_wconf 88' lang='lat' dir='ltr'>fol.</span> 
     </span>
    </p>
   </div>
   <div class='ocr_carea' id='block_1_5' title="bbox 288 2322 1898 2541">
    <p class='ocr_par' dir='ltr' id='par_1_5' title="bbox 288 2322 1898 2541">
     <span class='ocr_line' id='line_1_15' title="bbox 288 2322 1621 2424; baseline -0.008 -26"><span class='ocrx_word' id='word_1_177' title='bbox 288 2332 370 2415; x_wconf 83' lang='grc' dir='ltr'>44ι.</span> <span class='ocrx_word' id='word_1_178' title='bbox 393 2325 478 2424; x_wconf 85' lang='lat' dir='ltr'>fign.</span> <span class='ocrx_word' id='word_1_179' title='bbox 496 2326 536 2396; x_wconf 90' lang='lat' dir='ltr'>in</span> <span class='ocrx_word' id='word_1_180' title='bbox 559 2340 641 2396; x_wconf 89' lang='lat' dir='ltr'>toto</span> <span class='ocrx_word' id='word_1_181' title='bbox 663 2325 743 2411; x_wconf 91' lang='grc'>454.</span> <span class='ocrx_word' id='word_1_182' title='bbox 761 2322 824 2394; x_wconf 87' lang='lat' dir='ltr'>tin.</span> <span class='ocrx_word' id='word_1_183' title='bbox 843 2323 903 2395; x_wconf 81' lang='lat'>51.</span> <span class='ocrx_word' id='word_1_184' title='bbox 931 2327 963 2408; x_wconf 92' lang='grc'>4.</span> <span class='ocrx_word' id='word_1_185' title='bbox 1615 2401 1621 2406; x_wconf 12' lang='lat' dir='ltr'>g</span> 
     </span>
     <span class='ocr_line' id='line_1_16' title="bbox 480 2443 1898 2541; baseline 0.004 -24"><span class='ocrx_word' id='word_1_186' title='bbox 480 2464 560 2539; x_wconf 86' lang='lat' dir='ltr'>Opus</span> <span class='ocrx_word' id='word_1_187' title='bbox 574 2460 631 2515; x_wconf 89' lang='lat' dir='ltr'>hoo</span> <span class='ocrx_word' id='word_1_188' title='bbox 647 2459 912 2535; x_wconf 78' lang='lat' dir='ltr'>praeliantiffimum</span> <span class='ocrx_word' id='word_1_189' title='bbox 930 2462 1078 2513; x_wconf 66' lang='lat' dir='ltr'>Pontorus</span> <span class='ocrx_word' id='word_1_190' title='bbox 1098 2462 1130 2514; x_wconf 92' lang='lat' dir='ltr'>in</span> <span class='ocrx_word' id='word_1_191' title='bbox 1148 2443 1252 2514; x_wconf 79' lang='lat' dir='ltr'>Annal.</span> <span class='ocrx_word' id='word_1_192' title='bbox 1272 2462 1409 2535; x_wconf 72' lang='lat' dir='ltr'>Typogr.&#39;</span> <span class='ocrx_word' id='word_1_193' title='bbox 1430 2462 1465 2518; x_wconf 88' lang='grc' dir='ltr'>Τ.</span> <span class='ocrx_word' id='word_1_194' title='bbox 1475 2483 1501 2536; x_wconf 89' lang='lat'>7.</span> <span class='ocrx_word' id='word_1_195' title='bbox 1519 2475 1630 2539; x_wconf 78' lang='lat' dir='ltr'>p.,409.</span> <span class='ocrx_word' id='word_1_196' title='bbox 1649 2466 1689 2519; x_wconf 90' lang='lat' dir='ltr'>N.</span> <span class='ocrx_word' id='word_1_197' title='bbox 1699 2465 1762 2540; x_wconf 76' lang='lat'><em>596.</em></span> <span class='ocrx_word' id='word_1_198' title='bbox 1782 2468 1898 2541; x_wconf 90' lang='lat' dir='ltr'>quidem</span> 
     </span>
    </p>
   </div>
   <div class='ocr_carea' id='block_1_6' title="bbox 555 2551 1755 2616">
    <p class='ocr_par' dir='ltr' id='par_1_6' title="bbox 555 2551 1755 2616">
     <span class='ocr_line' id='line_1_17' title="bbox 555 2551 1755 2616; baseline 0.005 -9"><span class='ocrx_word' id='word_1_199' title='bbox 555 2554 715 2616; x_wconf 60' lang='lat' dir='ltr'>‘trecensem</span> <span class='ocrx_word' id='word_1_200' title='bbox 734 2552 916 2608; x_wconf 84' lang='lat' dir='ltr'>additionum</span> <span class='ocrx_word' id='word_1_201' title='bbox 932 2553 1052 2607; x_wconf 87' lang='lat' dir='ltr'>veroin</span> <span class='ocrx_word' id='word_1_202' title='bbox 1071 2553 1126 2607; x_wconf 84' lang='lat' dir='ltr'>fine</span> <span class='ocrx_word' id='word_1_203' title='bbox 1141 2551 1334 2608; x_wconf 78' lang='lat' dir='ltr'>iudicatarum</span> <span class='ocrx_word' id='word_1_204' title='bbox 1353 2553 1465 2609; x_wconf 87' lang='lat' dir='ltr'>nullam</span> <span class='ocrx_word' id='word_1_205' title='bbox 1482 2553 1552 2610; x_wconf 81' lang='lat' dir='ltr'>lacit</span> <span class='ocrx_word' id='word_1_206' title='bbox 1571 2558 1755 2613; x_wconf 85' lang='lat' dir='ltr'>mentionem.</span> 
     </span>
    </p>
   </div>
   <div class='ocr_carea' id='block_1_7' title="bbox 959 2762 1219 2835">
    <p class='ocr_par' dir='ltr' id='par_1_7' title="bbox 959 2762 1219 2835">
     <span class='ocr_line' id='line_1_18' title="bbox 959 2762 1219 2835; baseline 0.004 -2"><span class='ocrx_word' id='word_1_207' title='bbox 959 2762 1011 2834; x_wconf 88' lang='grc' dir='ltr'>Μ.</span> <span class='ocrx_word' id='word_1_208' title='bbox 1038 2762 1085 2835; x_wconf 92' lang='lat' dir='ltr'>D.</span> <span class='ocrx_word' id='word_1_209' title='bbox 1114 2763 1219 2834; x_wconf 92' lang='lat' dir='ltr'>Xlll.</span> 
     </span>
    </p>
   </div>
   <div class='ocr_carea' id='block_1_8' title="bbox 272 2900 1971 4974">
    <p class='ocr_par' dir='ltr' id='par_1_8' title="bbox 272 2900 1971 4889">
     <span class='ocr_line' id='line_1_19' title="bbox 384 2900 1893 3004; baseline 0.004 -28"><span class='ocrx_word' id='word_1_210' title='bbox 384 2930 462 3004; x_wconf 82' lang='lat'>190.</span> <span class='ocrx_word' id='word_1_211' title='bbox 474 2944 523 2966; x_wconf 77' lang='grc' dir='ltr'>-ι-</span> <span class='ocrx_word' id='word_1_212' title='bbox 541 2906 583 2975; x_wconf 95' lang='lat' dir='ltr'>ln</span> <span class='ocrx_word' id='word_1_213' title='bbox 604 2902 679 2975; x_wconf 92' lang='lat' dir='ltr'>hoc</span> <span class='ocrx_word' id='word_1_214' title='bbox 694 2900 888 2975; x_wconf 87' lang='lat' dir='ltr'>volumine</span> <span class='ocrx_word' id='word_1_215' title='bbox 906 2900 1094 3004; x_wconf 83' lang='lat' dir='ltr'>habentur</span> <span class='ocrx_word' id='word_1_216' title='bbox 1108 2900 1201 2973; x_wconf 90' lang='lat' dir='ltr'>haec</span> <span class='ocrx_word' id='word_1_217' title='bbox 1221 2903 1479 3000; x_wconf 84' lang='lat' dir='ltr'>Cornucopioe,</span> <span class='ocrx_word' id='word_1_218' title='bbox 1501 2901 1573 2974; x_wconf 83' lang='lat' dir='ltr'>five</span> <span class='ocrx_word' id='word_1_219' title='bbox 1588 2901 1738 3001; x_wconf 79' lang='lat' dir='ltr'>linguae</span> <span class='ocrx_word' id='word_1_220' title='bbox 1757 2904 1893 2983; x_wconf 85' lang='lat' dir='ltr'>latinae</span> 
     </span>
     <span class='ocr_line' id='line_1_20' title="bbox 282 3018 1923 3120; baseline 0.003 -24"><span class='ocrx_word' id='word_1_221' title='bbox 282 3020 507 3096; x_wconf 89' lang='lat' dir='ltr'>comentarii</span> <span class='ocrx_word' id='word_1_222' title='bbox 529 3018 805 3118; x_wconf 87' lang='lat' dir='ltr'>diligentillime</span> <span class='ocrx_word' id='word_1_223' title='bbox 825 3018 1033 3115; x_wconf 88' lang='lat' dir='ltr'>recogniti:</span> <span class='ocrx_word' id='word_1_224' title='bbox 1058 3035 1171 3120; x_wconf 89' lang='lat' dir='ltr'>atque</span> <span class='ocrx_word' id='word_1_225' title='bbox 1195 3046 1241 3092; x_wconf 87' lang='lat' dir='ltr'>ex</span> <span class='ocrx_word' id='word_1_226' title='bbox 1269 3020 1479 3118; x_wconf 87' lang='lat' dir='ltr'>archetypo</span> <span class='ocrx_word' id='word_1_227' title='bbox 1503 3020 1693 3095; x_wconf 90' lang='lat' dir='ltr'>emendati</span> <span class='ocrx_word' id='word_1_228' title='bbox 1714 3030 1755 3080; x_wconf 85' lang='grc'>’-</span> <span class='ocrx_word' id='word_1_229' title='bbox 1777 3027 1895 3101; x_wconf 81' lang='lat' dir='ltr'>Index</span> <span class='ocrx_word' id='word_1_230' title='bbox 1920 3104 1923 3108; x_wconf 73' lang='grc'>,</span> 
     </span>
     <span class='ocr_line' id='line_1_21' title="bbox 282 3128 1898 3240; baseline 0.002 -26"><span class='ocrx_word' id='word_1_231' title='bbox 282 3137 549 3240; x_wconf 85' lang='lat' dir='ltr'>copiofillimus</span> <span class='ocrx_word' id='word_1_232' title='bbox 580 3137 791 3210; x_wconf 87' lang='lat' dir='ltr'>dictionum</span> <span class='ocrx_word' id='word_1_233' title='bbox 824 3136 1016 3223; x_wconf 84' lang='lat' dir='ltr'>omnium,</span> <span class='ocrx_word' id='word_1_234' title='bbox 1048 3164 1145 3235; x_wconf 88' lang='lat' dir='ltr'>quae</span> <span class='ocrx_word' id='word_1_235' title='bbox 1178 3137 1215 3208; x_wconf 92' lang='lat' dir='ltr'>in</span> <span class='ocrx_word' id='word_1_236' title='bbox 1238 3135 1341 3210; x_wconf 90' lang='lat' dir='ltr'>hisce</span> <span class='ocrx_word' id='word_1_237' title='bbox 1362 3136 1568 3236; x_wconf 88' lang='lat' dir='ltr'>Sypoutini</span> <span class='ocrx_word' id='word_1_238' title='bbox 1593 3128 1898 3219; x_wconf 85' lang='lat' dir='ltr'>commentariis:</span> 
     </span>
     <span class='ocr_line' id='line_1_22' title="bbox 282 3251 1895 3361; baseline 0.003 -30"><span class='ocrx_word' id='word_1_239' title='bbox 282 3255 432 3358; x_wconf 86' lang='lat' dir='ltr'>quaein</span> <span class='ocrx_word' id='word_1_240' title='bbox 453 3255 558 3327; x_wconf 90' lang='lat' dir='ltr'>libris</span> <span class='ocrx_word' id='word_1_241' title='bbox 575 3255 621 3326; x_wconf 87' lang='lat' dir='ltr'>de</span> <span class='ocrx_word' id='word_1_242' title='bbox 641 3255 768 3351; x_wconf 89' lang='lat' dir='ltr'>lingua</span> <span class='ocrx_word' id='word_1_243' title='bbox 783 3252 915 3336; x_wconf 75' lang='lat' dir='ltr'>latina,</span> <span class='ocrx_word' id='word_1_244' title='bbox 933 3268 970 3324; x_wconf 88' lang='lat' dir='ltr'>et</span> <span class='ocrx_word' id='word_1_245' title='bbox 992 3251 1037 3324; x_wconf 93' lang='lat' dir='ltr'>de</span> <span class='ocrx_word' id='word_1_246' title='bbox 1053 3253 1238 3351; x_wconf 81' lang='lat' dir='ltr'>Analogia</span> <span class='ocrx_word' id='word_1_247' title='bbox 1257 3253 1305 3326; x_wconf 89' lang='lat' dir='ltr'>M.</span> <span class='ocrx_word' id='word_1_248' title='bbox 1334 3254 1512 3354; x_wconf 74' lang='lat' dir='ltr'>Terrenrii</span> <span class='ocrx_word' id='word_1_249' title='bbox 1531 3257 1720 3331; x_wconf 80' lang='lat' dir='ltr'>Varronis:</span> <span class='ocrx_word' id='word_1_250' title='bbox 1740 3289 1836 3361; x_wconf 89' lang='lat' dir='ltr'>quae</span> <span class='ocrx_word' id='word_1_251' title='bbox 1855 3264 1895 3337; x_wconf 90' lang='lat' dir='ltr'>in</span> 
     </span>
     <span class='ocr_line' id='line_1_23' title="bbox 279 3367 1895 3476; baseline 0.004 -29"><span class='ocrx_word' id='word_1_252' title='bbox 279 3372 516 3471; x_wconf 88' lang='lat' dir='ltr'>undeviginti</span> <span class='ocrx_word' id='word_1_253' title='bbox 535 3371 722 3444; x_wconf 90' lang='lat' dir='ltr'>librorum</span> <span class='ocrx_word' id='word_1_254' title='bbox 735 3369 957 3466; x_wconf 82' lang='lat' dir='ltr'>fragmentis</span> <span class='ocrx_word' id='word_1_255' title='bbox 977 3370 1083 3441; x_wconf 80' lang='lat' dir='ltr'>Sexti</span> <span class='ocrx_word' id='word_1_256' title='bbox 1098 3367 1261 3470; x_wconf 81' lang='lat' dir='ltr'>Pompeji</span> <span class='ocrx_word' id='word_1_257' title='bbox 1271 3367 1385 3466; x_wconf 82' lang='lat' dir='ltr'>Festi:</span> <span class='ocrx_word' id='word_1_258' title='bbox 1403 3398 1499 3471; x_wconf 91' lang='lat' dir='ltr'>quae</span> <span class='ocrx_word' id='word_1_259' title='bbox 1519 3373 1558 3446; x_wconf 94' lang='lat' dir='ltr'>in</span> <span class='ocrx_word' id='word_1_260' title='bbox 1573 3378 1809 3476; x_wconf 86' lang='lat' dir='ltr'>compendiis</span> <span class='ocrx_word' id='word_1_261' title='bbox 1821 3381 1895 3453; x_wconf 90' lang='lat' dir='ltr'>No-</span> 
     </span>
     <span class='ocr_line' id='line_1_24' title="bbox 280 3484 1895 3588; baseline 0.005 -25"><span class='ocrx_word' id='word_1_262' title='bbox 280 3496 325 3563; x_wconf 87' lang='lat' dir='ltr'>ni</span> <span class='ocrx_word' id='word_1_263' title='bbox 336 3491 511 3565; x_wconf 83' lang='lat' dir='ltr'>Marcelli</span> <span class='ocrx_word' id='word_1_264' title='bbox 528 3489 573 3562; x_wconf 89' lang='lat' dir='ltr'>de</span> <span class='ocrx_word' id='word_1_265' title='bbox 589 3487 825 3588; x_wconf 86' lang='lat' dir='ltr'>proprietate</span> <span class='ocrx_word' id='word_1_266' title='bbox 839 3484 1058 3559; x_wconf 79' lang='lat' dir='ltr'>sermonum</span> <span class='ocrx_word' id='word_1_267' title='bbox 1080 3487 1343 3562; x_wconf 87' lang='lat' dir='ltr'>continentur:</span> <span class='ocrx_word' id='word_1_268' title='bbox 1363 3489 1412 3564; x_wconf 85' lang='lat' dir='ltr'>stc</span> <span class='ocrx_word' id='word_1_269' title='bbox 1425 3491 1526 3562; x_wconf 88' lang='lat' dir='ltr'>enim</span> <span class='ocrx_word' id='word_1_270' title='bbox 1537 3518 1614 3565; x_wconf 92' lang='lat' dir='ltr'>uno</span> <span class='ocrx_word' id='word_1_271' title='bbox 1628 3494 1752 3569; x_wconf 89' lang='lat' dir='ltr'>indice</span> <span class='ocrx_word' id='word_1_272' title='bbox 1765 3499 1895 3571; x_wconf 90' lang='lat' dir='ltr'>omnia</span> 
     </span>
     <span class='ocr_line' id='line_1_25' title="bbox 282 3568 1896 3708; baseline 0.005 -27"><span class='ocrx_word' id='word_1_273' title='bbox 282 3606 553 3708; x_wconf 81' lang='lat' dir='ltr'>comprehensa</span> <span class='ocrx_word' id='word_1_274' title='bbox 577 3606 679 3680; x_wconf 85' lang='lat' dir='ltr'>sunt:</span> <span class='ocrx_word' id='word_1_275' title='bbox 706 3621 750 3679; x_wconf 86' lang='lat' dir='ltr'>ut</span> <span class='ocrx_word' id='word_1_276' title='bbox 768 3631 1018 3705; x_wconf 89' lang='lat' dir='ltr'>quaecunque</span> <span class='ocrx_word' id='word_1_277' title='bbox 1046 3620 1278 3703; x_wconf 86' lang='lat' dir='ltr'>quaerantur</span> <span class='ocrx_word' id='word_1_278' title='bbox 1308 3568 1696 3683; x_wconf 81' lang='lat' dir='ltr'>dictiones:inveniri</span> <span class='ocrx_word' id='word_1_279' title='bbox 1717 3613 1896 3690; x_wconf 86' lang='lat' dir='ltr'>facillime</span> 
     </span>
     <span class='ocr_line' id='line_1_26' title="bbox 280 3720 1893 3825; baseline 0.002 -25"><span class='ocrx_word' id='word_1_280' title='bbox 280 3727 428 3825; x_wconf 86' lang='lat' dir='ltr'>pollint.</span> <span class='ocrx_word' id='word_1_281' title='bbox 456 3725 636 3799; x_wconf 85' lang='lat' dir='ltr'>Historias</span> <span class='ocrx_word' id='word_1_282' title='bbox 656 3739 873 3824; x_wconf 81' lang='lat' dir='ltr'>praeterea,</span> <span class='ocrx_word' id='word_1_283' title='bbox 892 3723 1044 3821; x_wconf 91' lang='lat' dir='ltr'>quaein</span> <span class='ocrx_word' id='word_1_284' title='bbox 1062 3722 1233 3795; x_wconf 89' lang='lat' dir='ltr'>totohoc</span> <span class='ocrx_word' id='word_1_285' title='bbox 1251 3720 1329 3820; x_wconf 81' lang='lat' dir='ltr'>ipio</span> <span class='ocrx_word' id='word_1_286' title='bbox 1351 3723 1546 3800; x_wconf 89' lang='lat' dir='ltr'>volumine</span> <span class='ocrx_word' id='word_1_287' title='bbox 1568 3729 1827 3803; x_wconf 87' lang='lat' dir='ltr'>continentur:</span> <span class='ocrx_word' id='word_1_288' title='bbox 1847 3733 1893 3804; x_wconf 84' lang='lat' dir='ltr'>fic</span> 
     </span>
     <span class='ocr_line' id='line_1_27' title="bbox 280 3837 1887 3945; baseline 0.001 -27"><span class='ocrx_word' id='word_1_289' title='bbox 280 3843 497 3918; x_wconf 85' lang='lat' dir='ltr'>curavimus</span> <span class='ocrx_word' id='word_1_290' title='bbox 516 3868 630 3915; x_wconf 91' lang='lat' dir='ltr'>omne</span> <span class='ocrx_word' id='word_1_291' title='bbox 652 3842 683 3914; x_wconf 90' lang='lat' dir='ltr'>is</span> <span class='ocrx_word' id='word_1_292' title='bbox 703 3841 743 3912; x_wconf 91' lang='lat' dir='ltr'>in</span> <span class='ocrx_word' id='word_1_293' title='bbox 760 3866 838 3913; x_wconf 92' lang='lat' dir='ltr'>uno</span> <span class='ocrx_word' id='word_1_294' title='bbox 856 3840 940 3911; x_wconf 89' lang='lat' dir='ltr'>loco</span> <span class='ocrx_word' id='word_1_295' title='bbox 961 3837 1206 3935; x_wconf 86' lang='lat' dir='ltr'>colligendas:</span> <span class='ocrx_word' id='word_1_296' title='bbox 1222 3854 1265 3910; x_wconf 91' lang='lat' dir='ltr'>ut</span> <span class='ocrx_word' id='word_1_297' title='bbox 1281 3855 1318 3910; x_wconf 88' lang='lat' dir='ltr'>et</span> <span class='ocrx_word' id='word_1_298' title='bbox 1338 3837 1376 3910; x_wconf 91' lang='lat' dir='ltr'>in</span> <span class='ocrx_word' id='word_1_299' title='bbox 1396 3867 1472 3938; x_wconf 89' lang='lat' dir='ltr'>qua</span> <span class='ocrx_word' id='word_1_300' title='bbox 1491 3844 1684 3930; x_wconf 87' lang='lat' dir='ltr'>columna,</span> <span class='ocrx_word' id='word_1_301' title='bbox 1704 3846 1792 3919; x_wconf 92' lang='lat' dir='ltr'>etin</span> <span class='ocrx_word' id='word_1_302' title='bbox 1809 3874 1887 3945; x_wconf 92' lang='lat' dir='ltr'>quo</span> 
     </span>
     <span class='ocr_line' id='line_1_28' title="bbox 276 3954 1893 4059; baseline 0.003 -25"><span class='ocrx_word' id='word_1_303' title='bbox 276 3961 387 4035; x_wconf 85' lang='lat' dir='ltr'>verlu</span> <span class='ocrx_word' id='word_1_304' title='bbox 407 3962 494 4045; x_wconf 86' lang='lat' dir='ltr'>tint,</span> <span class='ocrx_word' id='word_1_305' title='bbox 516 3960 625 4034; x_wconf 76' lang='lat' dir='ltr'>facilc</span> <span class='ocrx_word' id='word_1_306' title='bbox 642 3957 748 4059; x_wconf 88' lang='lat' dir='ltr'>quis,</span> <span class='ocrx_word' id='word_1_307' title='bbox 765 3984 853 4031; x_wconf 91' lang='lat' dir='ltr'>cum</span> <span class='ocrx_word' id='word_1_308' title='bbox 870 3954 1186 4049; x_wconf 80' lang='lat' dir='ltr'>voletzinveniat.</span> <span class='ocrx_word' id='word_1_309' title='bbox 1214 3955 1360 4030; x_wconf 86' lang='lat' dir='ltr'>Eodem</span> <span class='ocrx_word' id='word_1_310' title='bbox 1372 3959 1540 4033; x_wconf 89' lang='lat' dir='ltr'>modoet</span> <span class='ocrx_word' id='word_1_311' title='bbox 1555 3959 1700 4034; x_wconf 90' lang='lat' dir='ltr'>sabulae</span> <span class='ocrx_word' id='word_1_312' title='bbox 1715 3964 1893 4039; x_wconf 84' lang='lat' dir='ltr'>collectae</span> 
     </span>
     <span class='ocr_line' id='line_1_29' title="bbox 277 4077 1892 4174; baseline 0.004 -23"><span class='ocrx_word' id='word_1_313' title='bbox 277 4078 379 4151; x_wconf 87' lang='lat' dir='ltr'>lunt:</span> <span class='ocrx_word' id='word_1_314' title='bbox 402 4096 440 4151; x_wconf 90' lang='lat' dir='ltr'>et</span> <span class='ocrx_word' id='word_1_315' title='bbox 462 4078 644 4152; x_wconf 86' lang='lat' dir='ltr'>instituta:</span> <span class='ocrx_word' id='word_1_316' title='bbox 665 4093 703 4150; x_wconf 88' lang='lat' dir='ltr'>et</span> <span class='ocrx_word' id='word_1_317' title='bbox 718 4077 937 4150; x_wconf 85' lang='lat' dir='ltr'>inventores</span> <span class='ocrx_word' id='word_1_318' title='bbox 957 4098 1106 4147; x_wconf 89' lang='lat' dir='ltr'>rerum:</span> <span class='ocrx_word' id='word_1_319' title='bbox 1129 4089 1165 4146; x_wconf 90' lang='lat' dir='ltr'>et</span> <span class='ocrx_word' id='word_1_320' title='bbox 1184 4099 1331 4146; x_wconf 90' lang='lat' dir='ltr'>mores:</span> <span class='ocrx_word' id='word_1_321' title='bbox 1349 4091 1387 4148; x_wconf 89' lang='lat' dir='ltr'>et</span> <span class='ocrx_word' id='word_1_322' title='bbox 1405 4077 1630 4174; x_wconf 89' lang='lat' dir='ltr'>proverbia:</span> <span class='ocrx_word' id='word_1_323' title='bbox 1650 4094 1688 4151; x_wconf 88' lang='lat' dir='ltr'>et</span> <span class='ocrx_word' id='word_1_324' title='bbox 1702 4082 1892 4158; x_wconf 83' lang='lat' dir='ltr'>remedia:</span> 
     </span>
     <span class='ocr_line' id='line_1_30' title="bbox 281 4189 1964 4294; baseline 0.005 -26"><span class='ocrx_word' id='word_1_325' title='bbox 281 4220 403 4294; x_wconf 88' lang='lat' dir='ltr'>eaque</span> <span class='ocrx_word' id='word_1_326' title='bbox 423 4194 496 4268; x_wconf 89' lang='lat' dir='ltr'>alia</span> <span class='ocrx_word' id='word_1_327' title='bbox 513 4222 560 4268; x_wconf 83' lang='lat' dir='ltr'>ex</span> <span class='ocrx_word' id='word_1_328' title='bbox 583 4194 662 4268; x_wconf 91' lang='lat' dir='ltr'>aliis</span> <span class='ocrx_word' id='word_1_329' title='bbox 685 4197 765 4291; x_wconf 88' lang='lat' dir='ltr'>post</span> <span class='ocrx_word' id='word_1_330' title='bbox 787 4193 951 4267; x_wconf 90' lang='lat' dir='ltr'>indicem</span> <span class='ocrx_word' id='word_1_331' title='bbox 967 4189 1134 4264; x_wconf 83' lang='lat' dir='ltr'>iuliimus</span> <span class='ocrx_word' id='word_1_332' title='bbox 1155 4191 1426 4290; x_wconf 88' lang='lat' dir='ltr'>imprimenda:</span> <span class='ocrx_word' id='word_1_333' title='bbox 1445 4209 1596 4267; x_wconf 87' lang='lat' dir='ltr'>notatae</span> <span class='ocrx_word' id='word_1_334' title='bbox 1615 4196 1717 4269; x_wconf 90' lang='lat' dir='ltr'>enim</span> <span class='ocrx_word' id='word_1_335' title='bbox 1735 4197 1822 4274; x_wconf 85' lang='lat' dir='ltr'>lunt</span> <span class='ocrx_word' id='word_1_336' title='bbox 1835 4219 1893 4277; x_wconf 90' lang='lat' dir='ltr'>to·</span> <span class='ocrx_word' id='word_1_337' title='bbox 1949 4248 1964 4264; x_wconf 48' lang='grc' dir='ltr'><em>κ</em></span> 
     </span>
     <span class='ocr_line' id='line_1_31' title="bbox 277 4308 1891 4410; baseline 0.005 -25"><span class='ocrx_word' id='word_1_338' title='bbox 277 4313 353 4386; x_wconf 89' lang='lat' dir='ltr'>tius</span> <span class='ocrx_word' id='word_1_339' title='bbox 370 4309 500 4410; x_wconf 85' lang='lat' dir='ltr'>operis</span> <span class='ocrx_word' id='word_1_340' title='bbox 510 4310 671 4408; x_wconf 82' lang='lat' dir='ltr'>fingulae</span> <span class='ocrx_word' id='word_1_341' title='bbox 692 4311 910 4395; x_wconf 81' lang='lat' dir='ltr'>columnae,</span> <span class='ocrx_word' id='word_1_342' title='bbox 932 4335 975 4384; x_wconf 90' lang='lat' dir='ltr'>ac</span> <span class='ocrx_word' id='word_1_343' title='bbox 994 4308 1123 4407; x_wconf 85' lang='lat' dir='ltr'>finguli</span> <span class='ocrx_word' id='word_1_344' title='bbox 1140 4308 1405 4383; x_wconf 89' lang='lat' dir='ltr'>columnarum</span> <span class='ocrx_word' id='word_1_345' title='bbox 1423 4310 1596 4386; x_wconf 93' lang='lat' dir='ltr'>omnium</span> <span class='ocrx_word' id='word_1_346' title='bbox 1611 4313 1757 4403; x_wconf 80' lang='lat' dir='ltr'>versus,</span> <span class='ocrx_word' id='word_1_347' title='bbox 1775 4319 1891 4394; x_wconf 89' lang='lat' dir='ltr'>arith-</span> 
     </span>
     <span class='ocr_line' id='line_1_32' title="bbox 273 4425 1892 4535; baseline 0.005 -32"><span class='ocrx_word' id='word_1_348' title='bbox 273 4429 422 4505; x_wconf 91' lang='lat' dir='ltr'>meticis</span> <span class='ocrx_word' id='word_1_349' title='bbox 439 4427 626 4502; x_wconf 90' lang='lat' dir='ltr'>numeris:</span> <span class='ocrx_word' id='word_1_350' title='bbox 655 4426 979 4527; x_wconf 90' lang='lat' dir='ltr'>quemadmodum</span> <span class='ocrx_word' id='word_1_351' title='bbox 999 4455 1045 4501; x_wconf 85' lang='lat' dir='ltr'>ex</span> <span class='ocrx_word' id='word_1_352' title='bbox 1061 4426 1142 4499; x_wconf 89' lang='lat' dir='ltr'>eius</span> <span class='ocrx_word' id='word_1_353' title='bbox 1155 4425 1265 4524; x_wconf 85' lang='lat' dir='ltr'>ipllus</span> <span class='ocrx_word' id='word_1_354' title='bbox 1285 4425 1417 4501; x_wconf 88' lang='lat' dir='ltr'>indicis</span> <span class='ocrx_word' id='word_1_355' title='bbox 1435 4429 1627 4531; x_wconf 90' lang='lat' dir='ltr'>principio</span> <span class='ocrx_word' id='word_1_356' title='bbox 1645 4434 1732 4508; x_wconf 90' lang='lat' dir='ltr'>licet</span> <span class='ocrx_word' id='word_1_357' title='bbox 1751 4462 1892 4535; x_wconf 88' lang='lat' dir='ltr'>cogno·</span> 
     </span>
     <span class='ocr_line' id='line_1_33' title="bbox 272 4543 1889 4655; baseline 0.004 -35"><span class='ocrx_word' id='word_1_358' title='bbox 272 4548 394 4634; x_wconf 80' lang='lat' dir='ltr'>scere;</span> <span class='ocrx_word' id='word_1_359' title='bbox 415 4546 481 4620; x_wconf 93' lang='lat' dir='ltr'>ubi</span> <span class='ocrx_word' id='word_1_360' title='bbox 500 4544 617 4645; x_wconf 90' lang='lat' dir='ltr'>primi</span> <span class='ocrx_word' id='word_1_361' title='bbox 632 4545 783 4618; x_wconf 89' lang='lat' dir='ltr'>numeri</span> <span class='ocrx_word' id='word_1_362' title='bbox 803 4549 838 4617; x_wconf 86' lang='lat' dir='ltr'>-C</span> <span class='ocrx_word' id='word_1_363' title='bbox 853 4545 964 4621; x_wconf 88' lang='lat' dir='ltr'>litera</span> <span class='ocrx_word' id='word_1_364' title='bbox 974 4544 1113 4630; x_wconf 78' lang='lat' dir='ltr'>notati,</span> <span class='ocrx_word' id='word_1_365' title='bbox 1134 4543 1341 4642; x_wconf 84' lang='lat' dir='ltr'>fignificant</span> <span class='ocrx_word' id='word_1_366' title='bbox 1349 4546 1561 4624; x_wconf 90' lang='lat' dir='ltr'>columnas:</span> <span class='ocrx_word' id='word_1_367' title='bbox 1584 4553 1721 4652; x_wconf 87' lang='lat' dir='ltr'>reliqui</span> <span class='ocrx_word' id='word_1_368' title='bbox 1737 4557 1889 4655; x_wconf 90' lang='lat' dir='ltr'>punctis</span> 
     </span>
     <span class='ocr_line' id='line_1_34' title="bbox 275 4660 1888 4767; baseline 0.002 -29"><span class='ocrx_word' id='word_1_369' title='bbox 275 4665 452 4752; x_wconf 83' lang='lat' dir='ltr'>distincti,</span> <span class='ocrx_word' id='word_1_370' title='bbox 481 4662 679 4738; x_wconf 76' lang='lat' dir='ltr'>versua-</span> <span class='ocrx_word' id='word_1_371' title='bbox 698 4662 878 4737; x_wconf 86' lang='lat' dir='ltr'>Eiusdem</span> <span class='ocrx_word' id='word_1_372' title='bbox 907 4664 1101 4765; x_wconf 50' lang='lat' dir='ltr'>&amp;pontini</span> <span class='ocrx_word' id='word_1_373' title='bbox 1116 4660 1285 4749; x_wconf 83' lang='lat' dir='ltr'>libellus,</span> <span class='ocrx_word' id='word_1_374' title='bbox 1320 4690 1400 4765; x_wconf 94' lang='lat' dir='ltr'>quo</span> <span class='ocrx_word' id='word_1_375' title='bbox 1423 4666 1547 4739; x_wconf 83' lang='lat' dir='ltr'>Plinii</span> <span class='ocrx_word' id='word_1_376' title='bbox 1559 4669 1731 4767; x_wconf 78' lang='lat' dir='ltr'>epistola,</span> <span class='ocrx_word' id='word_1_377' title='bbox 1759 4673 1803 4744; x_wconf 91' lang='lat' dir='ltr'>ad</span> <span class='ocrx_word' id='word_1_378' title='bbox 1823 4672 1888 4742; x_wconf 89' lang='lat' dir='ltr'>Ti-</span> 
     </span>
     <span class='ocr_line' id='line_1_35' title="bbox 273 4764 1971 4889; baseline 0.005 -34"><span class='ocrx_word' id='word_1_379' title='bbox 273 4799 357 4857; x_wconf 70' lang='lat' dir='ltr'>tum</span> <span class='ocrx_word' id='word_1_380' title='bbox 377 4782 638 4882; x_wconf 69' lang='lat' dir='ltr'>vespsnanum</span> <span class='ocrx_word' id='word_1_381' title='bbox 654 4780 928 4882; x_wconf 72' lang='lat' dir='ltr'>corrigitur...</span> <span class='ocrx_word' id='word_1_382' title='bbox 952 4783 1115 4857; x_wconf 63' lang='lat' dir='ltr'>comant</span> <span class='ocrx_word' id='word_1_383' title='bbox 1133 4782 1312 4873; x_wconf 63' lang='lat' dir='ltr'>ruerat„</span> <span class='ocrx_word' id='word_1_384' title='bbox 1335 4811 1423 4858; x_wconf 74' lang='lat' dir='ltr'>eum</span> <span class='ocrx_word' id='word_1_385' title='bbox 1441 4786 1740 4883; x_wconf 72' lang='lat' dir='ltr'>iprumnaeuum</span> <span class='ocrx_word' id='word_1_386' title='bbox 1753 4791 1889 4889; x_wconf 61' lang='lat' dir='ltr'>sypon-</span> <span class='ocrx_word' id='word_1_387' title='bbox 1967 4764 1971 4781; x_wconf 89' lang='lat'><em>&#39;</em></span> 
     </span>
    </p>

    <p class='ocr_par' dir='ltr' id='par_1_9' title="bbox 383 4900 1775 4974">
     <span class='ocr_line' id='line_1_36' title="bbox 383 4900 1775 4974; baseline -0.001 -2"><span class='ocrx_word' id='word_1_388' title='bbox 383 4900 471 4973; x_wconf 88' lang='lat' dir='ltr'>Voll.</span> <span class='ocrx_word' id='word_1_389' title='bbox 493 4901 541 4974; x_wconf 88' lang='lat' dir='ltr'>Il.</span> <span class='ocrx_word' id='word_1_390' title='bbox 1438 4941 1440 4944; x_wconf 56' lang='lat'>&gt;</span> <span class='ocrx_word' id='word_1_391' title='bbox 1491 4905 1504 4971; x_wconf 93' lang='lat' dir='ltr'>l</span> <span class='ocrx_word' id='word_1_392' title='bbox 1773 4942 1775 4944; x_wconf 95' lang='lat'>·</span> 
     </span>
    </p>
   </div>
   <div class='ocr_carea' id='block_1_9' title="bbox 0 0 2168 5700">
    <p class='ocr_par' dir='ltr' id='par_1_10' title="bbox 0 0 2168 5700">
     <span class='ocr_line' id='line_1_37' title="bbox 0 0 2168 5700; baseline 0 0"><span class='ocrx_word' id='word_1_393' title='bbox 0 0 2168 5700; x_wconf 95' lang='lat' dir='ltr'> </span> 
     </span>
    </p>
   </div>
  </div>
 </body>
</html>
