4320 5700
278 579 352 666 244
770 591 950 652 runrx
985 542 1407 655 srnrrrrrrinus.

272 773 440 837 Collectio
459 770 714 861 aphorismorum
730 772 919 860 hypocritis
938 774 978 836 ad
995 794 1249 861 unamquamque
1269 775 1485 862 egritudinem
1501 772 1749 861 pertinentium.
1770 771 1816 834 N.
1836 782 1888 837 2ι.

277 877 470 941 Damasceni
486 878 611 952 (ioan.)
633 876 816 963 aphorismi.
832 877 876 940 N.
895 881 968 960 257.

275 980 483 1045 Dioscoridis
499 979 540 1043 de
556 980 741 1043 medicinali
756 982 892 1043 materia
909 981 985 1044 libri
1005 981 1045 1045 V.
1065 980 1109 1043 N.
1129 994 1203 1064 270.

270 1087 402 1173 Egnatii
430 1086 538 1161 (ioan.
563 1085 673 1171 Bapt.)
716 1086 749 1146 in
776 1083 988 1148 dioscoridem
1025 1085 1064 1146 ab
1092 1084 1273 1149 Hermolao
1298 1085 1441 1148 barbaro
1472 1084 1622 1149 tralatum
1653 1098 1892 1149 adnotamenta.

421 1188 680 1253 Venetiic1516.
702 1189 727 1251 s.

276 1293 443 1380 Esculapii
463 1292 545 1354 liber
563 1314 667 1355 nonus
685 1292 725 1354 de
741 1292 927 1356 morborum
945 1292 1094 1378 descript.
1112 1290 1158 1354 N.
1175 1295 1248 1373 509.

281 1399 387 1461 Ficini
406 1397 537 1472 (Mars.)
556 1394 596 1456 de
615 1395 776 1458 Ziniberis
794 1395 918 1458 conditi
936 1395 1002 1457 usu.
1018 1407 1049 1474 4.

274 1502 391 1565 Galeni
411 1501 568 1562 librorum
587 1519 661 1587 pars
682 1500 784 1584 prima
804 1519 929 1583 graece.
949 1497 1098 1558 Venetiir
1118 1499 1251 1559 1525.f.

318 1640 361 1655 -
403 1604 508 1689 Tegni
527 1603 592 1665 sive
611 1622 660 1664 ars
677 1622 789 1688 parva.
810 1599 854 1661 N.
874 1612 925 1662 21.
946 1604 1020 1683 257.

277 1708 425 1771 Hassurti
444 1709 570 1783 (Joan.)
589 1725 673 1767 nova
690 1704 868 1766 medicinae
883 1693 1072 1767 methodus.
1092 1703 1266 1789 Hagenov.
1286 1705 1377 1767 1535.
1395 1717 1425 1783 4.

281 1811 452 1875 Hermolai
467 1809 607 1870 barbari.
630 1805 812 1870 Corollaria
830 1810 865 1869 in
884 1805 1110 1870 dioscoridem.
1127 1805 1287 1870 Coloniae
1308 1810 1400 1871 1530.
1417 1810 1443 1871 s.

318 1952 362 1965 -
425 1947 469 1962 -
539 1909 746 1974 corollarium
761 1909 837 1972 libri
856 1911 898 1972 V.
916 1911 960 1973 N.
976 1923 1048 1996 270.

282 2018 473 2106 Hipocratir
490 2013 573 2078 liber
592 2013 846 2102 aphorismorum
864 2036 935 2077 cum
957 2015 1087 2098 antiqua
1105 2027 1138 2073 et
1155 2032 1241 2075 nova
1258 2013 1469 2078 translatione
1488 2014 1617 2079 Theod.
1636 2016 1757 2080 Gazae.
1775 2016 1817 2080 N.
1835 2030 1886 2080 2ι.

326 2159 372 2174 -
412 2157 456 2172 -
495 2119 571 2180 libri
589 2117 704 2182 diversi
721 2118 761 2180 de
778 2119 851 2204 lege
871 2122 944 2201 257.
967 2117 1186 2200 jusjurandum
1199 2151 1230 2169 ··
1248 2115 1331 2179 liber
1353 2120 1634 2205 prognosticorum
1650 2110 1888 2209 *aphorismo-

496 2246 566 2285 rum
584 2259 614 2274 ··
629 2224 795 2308 regiminis
811 2258 842 2275 ·-
858 2221 1091 2310 epidemarium
1110 2255 1141 2274 -·
1159 2219 1199 2283 de
1217 2222 1311 2283 foetu
1330 2256 1362 2276 ··
1375 2222 1589 2288 secretorum.
1715 2209 1720 2219 ⁸

279 2330 397 2399 Jacobi
413 2326 566 2389 summula
586 2326 626 2387 de
641 2326 800 2413 partibus.
819 2325 863 2387 N.
882 2330 956 2408 257.

283 2433 448 2501 Joannicii
465 2429 548 2491 liber
566 2429 715 2514 isagoge.
734 2429 882 2491 Veneriis
906 2433 998 2491 1502.
1018 2429 1088 2490 8.-
1107 2439 1140 2487 et
1157 2427 1231 2508 257.

284 2537 424 2600 Leennii
445 2531 575 2610 (Andr.)
599 2531 687 2618 epist.
708 2531 748 2593 de
766 2531 868 2595 studio
888 2533 1012 2613 urinae.
1034 2530 1079 2596 N.
1097 2530 1170 2613 461,

281 2639 438 2705 Philareti
455 2637 538 2699 liber
557 2634 598 2697 de
613 2634 765 2721 pulsibus.
789 2636 833 2697 N.
851 2649 902 2699 2ι.
927 2640 1000 2720 257.

288 2743 422 2807 Scholia
439 2741 479 2807 de
498 2754 567 2803 arte
587 2737 725 2800 medica.
751 2737 795 2800 N.
804 2742 878 2819 245.

289 2850 450 2912 Stromerr
465 2843 642 2907 Aurbachii
655 2841 793 2917 (Hem.)
811 2843 1058 2910 observationes
1078 2843 1228 2910 adversus
1247 2843 1472 2932 pestilentiam.
1495 2845 1622 2935 Lipfiae
1643 2845 1735 2913 1516.
1752 2850 1788 2929 ’4.

289 2950 469 3039 Theophili
487 2949 570 3010 liber
587 2947 627 3010 de
646 2947 759 3010 urinis.
785 2944 829 3008 N.
849 2959 901 3009 2ι.
924 2952 997 3029 257.

286 3055 406 3135 Vallae
426 3053 591 3138 (Georgii)
612 3050 651 3113 de
667 3049 827 3111 medicina
842 3049 918 3111 libri
934 3051 1012 3112 VII.
1036 3050 1081 3114 N.
1096 3053 1144 3114 16.

328 3193 377 3210 ·-
417 3193 461 3210 -
501 3155 585 3219 liber
601 3153 640 3218 de
658 3152 806 3242 corporis
825 3155 1004 3221 commodis
1022 3170 1056 3218 et
1072 3154 1286 3220 incommodis
1303 3154 1384 3218 ibid.

964 3322 1227 3386 HYGENIA.

294 3447 456 3512 Bertrucii
477 3446 655 3523 (Bonnon.)
674 3448 816 3532 practica
836 3447 876 3509 de
894 3449 1062 3510 curatione
1077 3448 1228 3510 febrium.
1244 3445 1349 3532 Lugd.
1372 3446 1462 3510 1518.
1482 3462 1513 3528 4.

290 3549 499 3616 Dioscoridis
518 3548 601 3610 liber
620 3549 659 3608 de
677 3568 802 3624 eorum,
824 3571 905 3634 quos
923 3550 1070 3613 animalia
1086 3565 1243 3614 venenata
1260 3551 1504 3616 momorderint.
1524 3550 1569 3613 N.
1588 3562 1665 3675 270.

351 3690 395 3706 ..
456 3687 500 3704 -
542 3652 583 3712 de
601 3672 710 3714 noxur
727 3672 873 3715 venemo
892 3652 937 3715 N.
952 3665 1029 3735 270.

293 3760 420 3828 Murici
441 3756 497 3836 (de
515 3754 665 3843 Augustis
684 3755 724 3818 de
741 3754 924 3832 Torthona)
940 3755 1049 3818 lumen
1066 3754 1360 3843 apothecariorum.
1379 3759 1539 3846 Lugduni.
1555 3760 1695 3825 aiod-i.

972 3920 1237 3987 CHIRURGIA.

300 4050 389 4153 Vigo
410 4051 517 4128 (Joan.
538 4048 592 4137 de)
609 4047 778 4111 Practica
769 4071 802 4110 m
819 4046 981 4136 chirurgia
997 4049 1147 4134 Lugduni
1166 4048 1257 4112 1516.
1274 4061 1306 4128 4.
1375 4024 1379 4029 ’

345 4192 389 4207 -
451 4191 492 4209 -
533 4153 672 4217 secunda
687 4174 763 4242 para
781 4156 944 4242 practicae
958 4176 992 4214 ιιι
1008 4151 1180 4240 chirurgia
1199 4152 1348 4239 Lugduni
1371 4151 1509 4233 ι5ι8.4.

850 4370 1351 4461 MATHESIS.

924 4544 1290 4619 ARITHMOLOGIA.

303 4688 409 4751 cusae
428 4681 568 4762 (Nicol.)
589 4680 628 4743 de
647 4682 858 4745 arithmeticis
874 4682 1118 4769 complementis
1133 4680 1189 4742 lib.
1209 4679 1253 4741 N.
1271 4683 1344 4745 235.

362 4826 409 4842 -
492 4823 532 4843 -
580 4787 620 4852 de
637 4786 1080 4876 mathematicaperiectioue
1097 4785 1154 4851 lib.
1173 4782 1217 4848 N
1233 4785 1306 4851 255.
1437 4858 1440 4863 ,
