4320 5700
301 585 369 662 190
630 580 871 641 comosus
896 580 1530 646 Btnttounartsscttsutccccxcn.

299 759 358 849 34.
377 760 490 834 Char.
510 785 543 858 9.
564 761 635 833 col.
654 766 688 849 4.
708 762 819 837 Char.
840 765 945 862 goth.
966 763 1142 840 minutill.
1160 791 1250 841 cum
1267 764 1352 865 fign.
1371 764 1448 841 soll.
1470 788 1576 839 num.
1603 763 1663 861 95.
1691 761 1753 837 lin.
1781 764 1840 839 68.
1865 780 1901 839 et

296 877 382 978 fign.
405 880 709 979 Typographis.
790 888 793 893 ’

487 1021 616 1076 Panzerr'
634 1022 738 1077 Annal.
757 1024 890 1097 Typogr.
909 1024 944 1079 T.
954 1025 982 1079 3.
1007 1042 1038 1099 p.
1048 1025 1109 1080 312.
1130 1024 1169 1080 N.
1179 1022 1244 1097 476.
1261 1025 1380 1082 Denisr'i
1393 1022 1487 1099 suppl.
1505 1042 1534 1099 p.
1550 1022 1615 1078 525.
1678 1086 1682 1091 ¹

389 1190 474 1266 611.
488 1233 533 1249 -
552 1191 685 1265 Toxlus
699 1192 962 1289 senmurum
989 1218 1077 1269 cum
1105 1192 1588 1269 conclufionibua.Henn‘ci
1610 1189 1805 1265 Gon'chem
1832 1216 1899 1266 nec

293 1332 375 1381 non
388 1305 536 1409 scriptis
555 1311 632 1382 Sati
650 1310 809 1383 Thomna
832 1311 878 1386 de
897 1312 1043 1415 Aquino
1067 1311 1114 1385 ad
1135 1311 1385 1385 Hom'boldum
1406 1310 1645 1411 Episcopum.
1663 1352 1717 1367 -
1733 1308 1841 1384 Haec
1865 1311 1903 1383 in

294 1424 674 1528 fronte-Sequitur
691 1428 757 1502 sol.
779 1456 867 1502 2.-
884 1430 1166 1530 Prologus-s.
1192 1457 1225 1504 2.
1252 1431 1287 1504 b.
1314 1430 1526 1529 Registrum
1549 1428 1756 1503 titulorum
1783 1444 1824 1503 et
1849 1428 1902 1503 di·

293 1542 547 1619 stinctionum.
567 1546 590 1620 f.
617 1546 649 1620 3.
674 1544 709 1618 b.
736 1546 846 1647 Opus
870 1547 1125 1648 ipsum-sol.
1154 1549 1237 1646 237.
1255 1549 1292 1623 b.
1320 1549 1416 1623 liber
1440 1545 1715 1622 sententiarum
1734 1547 1907 1647 Magistn'

293 1660 398 1734 Petn‘
417 1662 633 1738 Lombardi:
665 1691 754 1739 cum
786 1665 1088 1742 conclusionibus
1113 1666 1277 1767 magistri
1301 1667 1458 1741 Henn‘ci
1482 1664 1673 1740 Gonchem
1708 1664 1903 1740 sacrarum

294 1779 509 1855 litterarum
528 1782 748 1883 interpretis
763 1784 918 1885 explicit
931 1785 1105 1886 impensls
1121 1803 1235 1887 atque
1253 1785 1426 1885 fingulari
1445 1811 1569 1889 opera
1578 1784 1734 1858 Nicolai
1745 1779 1906 1881 Kefflers

293 1897 386 1971 civis
406 1898 587 1995 Basz'leen.
602 1902 649 1975 ad
673 1902 863 1979 honorem
882 1902 1004 1978 sancte
1023 1921 1061 1979 et
1085 1904 1279 1981 individue
1296 1904 1496 1979 Trinitatis
1513 1906 1557 1978 ac
1580 1901 1671 1978 fidei
1691 1902 1901 1979 catholicae

293 2033 540 2115 augmentum
558 2036 596 2094 et
612 2020 815 2096 tuitionem
833 2048 950 2123 quam
972 2021 1246 2121 diligentillime
1263 2020 1470 2124 impressus.
1487 2022 1602 2095 Anno
1628 2019 1903 2120 incarnationis

289 2134 369 2207 Dni
387 2139 467 2235 poll
486 2137 711 2212 milesimum
728 2156 940 2242 quaterque
960 2141 1204 2215 centesimum
1221 2139 1462 2239 nonagesimo
1482 2138 1656 2215 secundo.
1669 2137 1902 2214 duodecimo

288 2280 382 2328 vero
400 2254 558 2329 Kalend.
579 2257 765 2358 Marty-
778 2259 1000 2359 Sequuntur
1016 2258 1093 2333 soll.
1121 2260 1174 2332 13.
1195 2259 1338 2357 registri
1360 2258 1472 2334 Char.
1490 2258 1629 2357 gothic.
1657 2256 1902 2359 rudisetine·

288 2371 410 2472 qualis
429 2400 518 2448 cum
536 2372 621 2471 slgn.
639 2375 767 2474 Epigr.
790 2377 867 2450 foll.
884 2379 966 2451 250.
986 2403 1064 2449 non
1081 2403 1185 2452 num.
1204 2376 1266 2449 lin.
1288 2404 1343 2472 70.
1362 2378 1385 2450 s.

479 2514 721 2570 PomeriAnnal.
735 2516 865 2591 Typogr.
885 2518 917 2571 T.
932 2536 956 2572 ι.
976 2536 1005 2591 p.
1019 2537 1080 2589 ¹7¹·
1097 2516 1136 2572 N.
1154 2528 1215 2591 ¹4⁰·
1232 2518 1333 2572 Molle.
1352 2516 1417 2572 551.

931 2686 1252 2761 MCCCCXClll.

367 2824 463 2899 =612.
477 2863 522 2883 -
538 2826 787 2927 Compendritm
796 2829 903 2899 tonus
919 2827 1048 2925 logice,
1059 2827 1163 2928 quod
1180 2851 1296 2902 anon
1310 2823 1423 2900 nullis
1435 2823 1624 2899 Paruulus
1631 2822 1907 2925 antiquiorum

280 2942 512 3042 appellatur*
528 2969 617 3026 cum
634 2943 780 3044 optima
804 2944 1056 3020 declaratione
1087 2945 1199 3046 ipsius
1218 2944 1324 3019 iuxta
1345 2942 1515 3019 doctoris
1533 2941 1650 3019 sancti
1666 2941 1916 3043 opinionem.

281 3058 443 3133 noviciis
465 3061 597 3158 logicis
612 3089 691 3137 non
709 3089 847 3162 parum
871 3062 975 3137 utile.
993 3062 1217 3163 Sequuntur
1233 3059 1310 3136 tria
1325 3060 1477 3136 disticha
1495 3059 1537 3135 in
1555 3061 1694 3135 fronte.
1715 3060 1851 3136 -101,
1874 3090 1905 3137 1.

276 3174 314 3247 b.
332 3176 496 3273 Epistola
511 3179 649 3277 Magni
664 3182 791 3253 Hundt
807 3180 975 3254 auctoris
996 3181 1043 3255 ad
1066 3178 1427 3282 discipuloa.-finit
1440 3194 1624 3255 tractatus
1635 3177 1698 3253 sol.
1715 3178 1798 3254 163.
1812 3180 1906 3280 sign.

281 3290 491 3391 sequuntur
524 3295 613 3370 dein
640 3299 856 3396 registrum,
882 3300 1070 3374 conclusio
1102 3298 1232 3399 operia
1261 3314 1300 3372 et
1326 3326 1358 3395 7.
1386 3297 1540 3373 disticha
1564 3295 1702 3397 quibua
1735 3323 1908 3396 magnus

278 3412 406 3483 Hundt
424 3411 469 3484 de
485 3414 825 3512 Mngdeburghunc
843 3417 984 3489 librum
1001 3415 1339 3518 alloquitur-fol.
1366 3422 1419 3504 ι4.
1444 3415 1480 3488 b.
1506 3440 1587 3488 non
1611 3412 1697 3512 sign.
1731 3413 1800 3488 lin.
1844 3445 1903 3516 ¹7·

278 3526 496 3628 impressum
517 3535 564 3604 est
586 3532 660 3605 hoc
690 3533 794 3604 locus
817 3530 963 3630 Lipsiae
981 3562 1051 3632 per
1076 3536 1355 3608 Boccolnunitm
1373 3533 1571 3607 Mauricum
1595 3530 1903 3631 Herbrpolenfim

279 3650 395 3721 Anno
412 3646 538 3721 salutis
556 3648 774 3722 christianae
800 3650 901 3746 1493.
931 3676 1019 3723 cum
1045 3651 1147 3726 scuto
1175 3651 1522 3730 Mummi-Char.
1553 3650 1656 3751 goth.
1682 3675 1777 3725 cum
1804 3652 1899 3753 sign.

276 3769 352 3843 soll.
371 3768 458 3869 sign.
481 3768 561 3840 163.
579 3783 617 3841 et
638 3793 717 3841 non
732 3766 818 3866 sign.
840 3777 892 3859 ¹4·
910 3768 973 3842 lin.
991 3769 1050 3859 34.
1071 3776 1105 3859 4.

467 3908 598 3964 Paruerr‘
614 3907 720 3965 Annal.
738 3910 872 3985 Typogr.
891 3911 926 3967 T.
941 3931 965 3967 r.
984 3906 1089 3986 p.478.
1107 3912 1146 3967 Ν.
1155 3912 1203 3986 54.
1219 3868 1338 3968 Denisr‘i
1354 3909 1501 3985 Supplem.
1519 3930 1549 3986 p.
1558 3910 1622 3985 549
1639 3907 1678 3965 N.
1695 3902 1782 3987 3894.

366 4078 629 4178 613.-Insra
647 4078 774 4180 scripti
794 4080 905 4155 utiles
922 4097 959 4155 et
977 4078 1134 4156 solatiosi
1161 4082 1369 4155 Tractatuli
1397 4080 1548 4155 Banolz'
1561 4080 1688 4179 legum
1712 4076 1894 4157 doctoris

270 4197 497 4272 samosrllimi
514 4198 577 4272 hic
605 4197 859 4274 continentur.
884 4201 917 4298 1)
935 4200 1128 4299 Repetitio
1147 4200 1192 4274 L.
1205 4200 1240 4271 J.
1260 4198 1300 4273 C.
1320 4200 1365 4273 de
1384 4197 1565 4298 dignitate
1581 4197 1664 4272 libr.
1681 4196 1893 4299 X11.2)de

267 4314 468 4389 nobilitate
488 4343 575 4389 cum
590 4316 760 4416 pulchris
780 4317 1098 4392 adnotationibus.
1122 4318 1160 4415 3)
1175 4317 1220 4390 de
1240 4315 1437 4416 inslgnilset
1461 4316 1587 4392 armis.
1597 4317 1637 4414 4)
1655 4315 1703 4391 de
1720 4315 1889 4395 folcone.

271 4435 310 4533 5)
331 4432 377 4508 de
395 4433 580 4530 regimine
602 4435 811 4534 reipublice
832 4435 995 4511 civitatis
1013 4450 1050 4510 et
1066 4434 1293 4523 lritractatuli
1312 4463 1445 4511 omnes
1461 4434 1584 4511 ethice
1601 4434 1623 4508 i.
1640 4434 1779 4510 morali
1791 4436 1890 4512 Phi·

266 4551 437 4663 losophie
453 4548 717 4651 subponuntur
736 4597 780 4611 —
801 4554 953 4629 Horum
971 4553 1145 4629 omnium
1161 4554 1253 4628 utile
1272 4555 1469 4653 registrum
1484 4597 1535 4612 -
1552 4554 1658 4629 Haec
1675 4552 1716 4627 in
1737 4552 1884 4647 sronte.

265 4671 348 4748 finit
365 4672 429 4746 sol.
448 4672 506 4761 45.
528 4668 589 4744 lin.
618 4670 675 4743 32.
699 4671 863 4770 imprelli
882 4674 963 4746 sunt
989 4674 1179 4772 presentes
1205 4673 1395 4747 tractatuli
1425 4672 1602 4746 Barnun·
1631 4669 1782 4772 Lapsrae
1805 4698 1885 4774 per

268 4790 478 4893 Gregon'um
499 4788 672 4866 Boticher
690 4790 805 4867 Anno
831 4791 908 4865 Dni
929 4790 1246 4867 MCCCCXClll.
1276 4791 1336 4868 die
1363 4791 1496 4892 quinta
1522 4788 1656 4866 menda
1680 4788 1882 4866 Octobris.
