4320 5700
271 576 319 649 66
409 662 415 670 ,
666 590 905 652 caratoous
932 590 1307 654 stenoontrmcus
1333 592 1490 653 nnxnt.

270 773 345 846 tini
358 769 707 845 Annotationes.·-
722 773 773 845 M.
800 773 961 846 Terentii
981 773 1135 847 Varonis
1158 774 1203 849 de
1223 773 1351 874 lingua
1366 772 1481 848 latina
1498 771 1585 847 libri
1604 787 1683 848 tres
1701 773 1883 871 Quartus.

271 887 448 985 Quintus.
465 889 675 964 Sextus-
694 889 873 964 Eiusdem
900 888 945 964 de
967 891 1153 990 Analogia
1180 890 1280 964 libri
1295 909 1383 968 tres.
1401 930 1453 950 -
1478 892 1585 964 Sexti
1603 889 1771 992 Pompeji
1795 892 1891 990 nsit

269 1005 507 1104 undeviginti
525 1007 714 1081 librorum
730 1008 951 1108 fragmenta.
966 1049 1011 1068 -
1024 1007 1307 1083 NoniMareelli
1321 1007 1579 1107 Compendia,
1596 1006 1637 1082 in
1652 1009 1794 1109 quibus
1808 1027 1886 1086 ter-

270 1123 324 1198 tia
338 1123 418 1197 fere
436 1149 525 1222 pars
546 1122 673 1199 addita
692 1127 758 1199 est:
779 1151 858 1198 non
878 1141 963 1200 ante
986 1125 1180 1224 imprella,
1204 1123 1319 1227 idque
1333 1127 1465 1201 labore
1483 1140 1522 1199 et
1539 1124 1735 1224 diligentia
1751 1129 1884 1203 Jucunae

271 1243 314 1313 di
327 1240 440 1315 nostri
468 1239 697 1338 Veronensis:
716 1241 782 1342 qui
799 1243 839 1315 in
856 1243 984 1315 Gallio
1000 1242 1172 1316 Nonium
1184 1270 1272 1317 curn
1293 1243 1457 1343 antiquis
1475 1243 1637 1317 contulit
1651 1247 1883 1346 exemplari·

272 1360 353 1433 bus.
381 1358 544 1432 Additus
558 1375 756 1458 praeterea
775 1363 824 1432 est
847 1361 981 1455 longus
1001 1375 1182 1435 tractatus
1205 1358 1250 1434 de
1276 1359 1488 1458 generibus.
1502 1401 1548 1414 -
1565 1360 1671 1435 Haec
1695 1361 1735 1434 in
1755 1361 1885 1438 fronte

269 1502 357 1550 curn
378 1476 504 1574 infign.
526 1476 625 1548 Aldi.
644 1476 707 1549 fol.
727 1474 810 1549 eod.
830 1474 867 1549 b.
886 1475 996 1574 Epist.
1016 1477 1104 1549 Aldi
1128 1476 1173 1549 ad
1188 1475 1404 1550 Lectorem.
1421 1517 1468 1534 -
1481 1475 1629 1579 Sequit.
1647 1475 1882 1577 Byrrhil'er·

271 1592 603 1668 rotiProaemium
629 1592 669 1665 in
695 1593 960 1692 Cornucopiae
987 1608 1056 1666 etc.
1077 1593 1141 1667 fol.
1165 1620 1198 1668 2.
1224 1619 1304 1666 non
1332 1592 1417 1691 fign.
1439 1593 1756 1668 commemoratio
1784 1595 1908 1670 vitae·

271 1712 324 1785 M.
353 1711 699 1785 ValerziMartialrs.
712 1750 756 1765 ·—
773 1710 836 1783 fol.
861 1710 894 1783 3.
908 1709 1045 1810 incipit
1068 1710 1182 1785 index
1198 1753 1248 1768 -
1263 1737 1386 1810 usque
1404 1710 1466 1783 fol.
1496 1711 1551 1807 76.
1574 1712 1711 1784 Leonis
1734 1712 1835 1785 Julii
1848 1728 1886 1788 et

274 1829 487 1901 Alexandri
504 1828 675 1927 privileg.
706 1826 866 1926 imprell.
880 1872 926 1887 -
945 1854 1029 1926 pag.
1062 1855 1090 1901 1.
1115 1827 1201 1925 fign.
1230 1827 1383 1900 Illicolai
1405 1828 1544 1903 Perotti
1563 1828 1821 1927 cornucopiae
1839 1872 1887 1888 -

139 1953 142 1960 '
272 1974 309 2047 p.
333 1946 435 2019 1236.
454 1943 539 2044 fign.
556 1945 620 2019 lin.
637 1972 694 2044 29.
728 1946 885 2018 Venetii's
903 1945 942 2017 in
961 1943 1116 2018 aedibus
1136 1944 1232 2017 Aldi
1249 1959 1287 2017 et
1307 1944 1478 2017 Andreae
1497 1946 1626 2018 Soceri.
1653 1945 1707 2019 M.
1717 1946 1767 2019 D.
1778 1948 1884 2022 Xlll.

274 2061 400 2140 menle
419 2063 651 2138 Novembris
672 2063 735 2137 fol.
753 2060 827 2162 leq.
846 2061 996 2160 infigne.
1015 2062 1115 2134 Aldi.
1139 2062 1240 2135 Char
1259 2062 1320 2135 lat.
1339 2060 1477 2160 splend.
1497 2061 1659 2161 Numeri
1675 2089 1796 2162 marg.
1807 2064 1884 2138 loll.

280 2182 335 2278 76.
354 2207 434 2256 non
451 2180 536 2282 llgn.
555 2208 593 2280 p.
616 2179 719 2269 1436.
740 2179 826 2278 fign
846 2179 909 2252 lin.
929 2180 987 2251 62.
1015 2180 1039 2252 f.

464 2321 593 2375 Ponzeri
607 2316 712 2373 Annal.
734 2319 875 2463 Τγροιςτὲ
888 2318 922 2371 T.
932 2312 959 2371 8.
976 2336 1005 2391 p.
1016 2317 1080 2390 415.
1099 2317 1137 2372 N.
1149 2290 1213 2374 626.
1234 2317 1335 2372 Mater.
1356 2316 1391 2372 T.
1403 2332 1428 2371 2.
1444 2317 1544 2392 p.250.
1564 2318 1643 2373 Sexis
1659 2315 1728 2375 dell'
1743 2274 1887 2376 Editioni

562 2410 676 2465 Aldine.
697 2411 787 2484 12:35.
807 2410 846 2464 N.
877 2449 884 2464 .

375 2607 510 2679 191.-·
525 2578 658 2652 Jacobi
671 2578 967 2651 Henrichmanni
988 2575 1261 2675 indelfingenfis
1285 2577 1553 2676 grammaticae
1572 2576 1825 2654 institutiones
1843 2622 1890 2638 -

275 2697 500 2773 Exhortatio
520 2696 689 2770 eiusdem
709 2695 755 2769 ad
771 2722 924 2794 pueros,
941 2713 985 2769 ut
1001 2696 1240 2796 eloquentiae
1258 2697 1572 2770 studeant—Ars
1593 2696 1889 2771 condendorum

279 2817 492 2893 carminum
507 2813 819 2887 HenriciBebelii
831 2813 1069 2910 Justingenfis
1088 2831 1225 2914 poetae
1241 2813 1399 2888 laureati
1420 2839 1509 2888 eum
1520 2812 1778 2889 additionibus
1796 2815 1893 2886 mul·

274 2936 323 3010 tis
341 2961 412 3035 per
429 2949 603 3007 autorem
620 2930 741 3031 ipsum
758 2929 956 3004 emendata
974 2929 1182 3028 diligenter.
1193 2974 1242 2988 -
1257 2932 1536 3004 Racemationes
1553 2945 1591 3004 et
1607 2927 1891 3006 oblervationes

278 3052 460 3127 eiusdem.
472 3095 516 3109 -·-
538 3050 817 3125 Centimetrum
837 3048 962 3138 Mauri⁴
977 3050 1094 3120 Servii
1107 3049 1290 3120 Honorati
1300 3047 1547 3147 grammatici.
1566 3093 1611 3107 -
1630 3046 1892 3145 Alpbabetum

278 3192 458 3267 graecum
479 3192 566 3239 cum
584 3166 795 3241 dictionum
813 3191 1034 3265 graecarum
1054 3164 1247 3265 apicibus,
1269 3165 1335 3266 qui
1351 3165 1391 3238 in
1407 3163 1571 3238 aliorum
1587 3163 1895 3264 imprellionibus

279 3284 365 3360 lunt
382 3281 611 3379 neglecti—
628 3285 791 3358 Haecin
813 3283 939 3359 fronte
962 3282 1080 3356 limbo
1103 3299 1268 3357 ornatae.
1292 3282 1347 3356 lol
1384 3282 1520 3356 eodem
1544 3281 1579 3356 b.
1596 3282 1757 3356 Johann.
1778 3283 1896 3356 Hilte-

278 3403 405 3476 brenti
417 3399 580 3499 Epistola
596 3398 642 3472 ad
657 3398 862 3473 Lectorem
882 3418 951 3474 ete.
967 3402 1029 3475 lol.
1047 3402 1079 3473 6.
1100 3399 1232 3499 incipit
1244 3398 1561 3474 Grammatica—
1577 3399 1642 3474 fol.
1666 3399 1745 3472 126.
1758 3398 1823 3472 lin.
1834 3426 1892 3475 ao.

286 3517 473 3615 Trebingae
492 3516 532 3589 in
550 3514 704 3590 aedibus
730 3516 888 3588 Thomae
906 3514 1075 3612 Anselmi
1086 3516 1265 3614 Badensis
1283 3517 1408 3592 mense
1424 3516 1650 3592 Decembris
1661 3516 1715 3592 M.
1724 3516 1773 3592 D.
1786 3516 1891 3591 Xlll.
1910 3583 1916 3593 .

280 3636 391 3713 Char.
407 3636 467 3711 lat.
487 3634 562 3708 foll.
585 3635 661 3709 126.
681 3659 761 3708 non
777 3660 880 3707 num.
896 3633 959 3708 lin.
977 3640 1035 3723 42.
1061 3639 1095 3723 4.
1762 3688 1768 3693 -

474 3773 557 3850 Opus
579 3792 639 3829 nou
658 3773 834 3829 recenlitum.

384 3975 461 4048 192.
473 3945 743 4019 -Grametica
760 3943 934 4018 omnium
947 3934 1137 4017 utilillima
1152 3959 1190 4017 et
1202 3940 1429 4030 brevillima,
1454 3943 1619 4021 mirabili
1638 3943 1771 4019 ordine
1788 3968 1896 4020 com·
1933 3998 1938 4004 -

284 4066 412 4168 polita.
432 4066 555 4154 Adeo,
573 4080 618 4138 ut
645 4062 784 4162 fingula
810 4059 971 4161 quilibet
992 4059 1100 4135 facile
1125 4060 1346 4158 intelligere,
1372 4057 1480 4136 facile
1509 4062 1703 4152 invenire,
1735 4078 1773 4138 et
1788 4060 1897 4162 quod

283 4184 496 4258 maximum
527 4189 594 4267 est,
619 4180 731 4256 facile
763 4177 951 4254 memoria
976 4177 1144 4251 retinere
1169 4176 1291 4277 pollit.
1314 4179 1372 4251 Ac
1393 4179 1522 4268 citius,
1542 4206 1658 4280 quam
1683 4206 1723 4281 p.
1738 4173 1894 4256 annum

281 4301 497 4399 conjugare,
535 4298 734 4385 declinare,
763 4314 801 4372 et
827 4325 871 4372 ea
896 4323 971 4397 que
997 4293 1045 4369 ad
1075 4294 1393 4368 constructionem
1421 4297 1588 4396 spectant
1615 4297 1722 4372 facile
1744 4294 1894 4371 ediscat.

283 4417 383 4491 Sunt
398 4415 542 4514 ubique
560 4414 769 4488 dictionum
797 4413 997 4512 fignificata
1022 4403 1225 4487 vernacula
1248 4411 1376 4510 lingua
1397 4413 1529 4490 addita.
1558 4416 1739 4491 Preterea
1761 4429 1887 4489 trans·

282 4534 372 4609 latio
395 4531 547 4607 casuum
572 4548 610 4606 et
630 4548 850 4630 temporum
867 4532 907 4604 in
922 4535 1086 4606 nostram
1107 4530 1284 4626 linguam.
1310 4530 1581 4632 Eorumdemq.
1604 4530 1783 4607 formatio
1799 4530 1890 4606 bre·

286 4653 341 4730 vis
366 4669 404 4727 et
429 4652 588 4749 elegans.
610 4646 972 4744 Patronymicorum
990 4664 1027 4720 et
1046 4649 1261 4721 Greeorum
1272 4645 1541 4724 declinationes
1567 4647 1744 4734 seorsum,
1756 4672 1892 4748 quem-

286 4771 494 4847 admodum
520 4767 630 4844 tatini
656 4763 729 4845 illis
756 4777 928 4840 utuntur.
955 4764 1016 4838 De
1045 4763 1320 4840 constructione
1361 4765 1495 4855 facilia,
1522 4765 1731 4868 breviaque
1755 4789 1889 4866 peroc-
