4320 5700
274 562 345 655 194
534 616 539 623 -
623 580 864 641 camenus
890 580 1267 642 mnuocnnrtncus
1292 582 1564 643 mccccxcvn.

269 752 315 825 de
335 749 508 830 doctrina
527 758 710 859 loquendi
728 778 767 835 et
780 761 928 836 tacendi
948 762 994 837 ab
1006 764 1206 838 Albertano
1232 764 1415 839 caulidico
1428 763 1597 839 Brixenlt
1609 762 1656 837 ad
1674 763 1885 840 instructio·

269 898 359 945 nem
378 874 547 949 liliorum
565 874 721 953 luorum
737 881 966 981 compofitus
984 882 1181 981 imprellus
1200 908 1243 957 ac
1269 883 1398 959 linitus
1413 884 1580 957 colonae
1599 882 1716 957 Anno
1736 883 1883 959 domini

269 989 465 1088 virginalis
499 1011 631 1094 partus
655 998 851 1073 millefimo
875 1000 979 1099 quod
997 1000 1268 1099 ringentelimo
1297 999 1410 1101 luper
1435 1001 1679 1099 nonagefimo
1711 1000 1885 1102 septimo.

271 1108 383 1183 Char.
403 1111 506 1209 goth.
523 1138 612 1187 cum
633 1115 718 1213 llgn.
736 1115 813 1190 foll.
835 1145 888 1189 ιι.
907 1143 986 1191 non
1007 1118 1093 1217 fign.
1110 1118 1172 1193 lin.
1193 1120 1252 1193 36.
1270 1125 1305 1209 4.

464 1254 593 1308 Punzeri
606 1254 710 1309 Annal.
730 1257 862 1330 Typogr.
883 1259 918 1311 Τ.
930 1278 954 1312 ι.
978 1258 1017 1314 Ν.
1035 1275 1099 1333 292.
1122 1259 1225 1318 Maru.
1244 1278 1273 1334 p.
1291 1258 1355 1332 644.
1376 1256 1516 1333 Denisius
1533 1260 1566 1313 in
1584 1256 1678 1333 suppl.
1698 1258 1733 1314 T.
1746 1272 1773 1315 t.
1792 1258 1888 1336 plnres

559 1344 648 1401 huius
667 1362 803 1403 tractatus
822 1348 962 1405 editiones
980 1350 1112 1407 recenset.
1427 1356 1431 1365 “

891 1520 944 1592 Μ.
958 1519 1266 1594 CCCCXCVlll.

368 1656 451 1727 622.
468 1695 516 1710 -
531 1653 688 1752 Egziiziss
706 1655 751 1729 de
768 1656 954 1755 regimine
972 1659 1192 1759 principum
1211 1704 1251 1717 -
1270 1658 1375 1733 Haec
1394 1658 1432 1730 in
1454 1658 1582 1734 fronte
1599 1702 1651 1718 —
1668 1660 1737 1735 fol.
1755 1687 1786 1737 ι..
1799 1658 1890 1737 b.-

276 1772 431 1843 Olzi’eriz'
453 1773 570 1843 Semi
586 1772 738 1871 epistola
755 1774 802 1847 ad
815 1775 1012 1873 Georgium
1040 1776 1368 1876 archiepiscopum
1397 1777 1677 1877 Ulixponensem
1700 1821 1748 1837 -
1772 1780 1842 1855 fol.
1860 1808 1891 1855 2.

274 1889 423 1962 Tabula
439 1906 720 1965 contentorum.
739 1891 803 1965 fol.
826 1894 857 1965 5.
877 1892 1012 1993 incipit
1029 1895 1126 1967 liber
1147 1894 1295 1993 primus
1319 1894 1365 1969 de
1389 1894 1576 1994 regimine
1592 1896 1829 1999 {principum
1844 1940 1892 1956 -
1991 1968 1996 1975 .

271 2008 356 2081 linit
374 2008 438 2082 fol.
461 2008 539 2097 134.
562 2009 624 2081 lin.
649 2037 702 2111 19.
725 2036 813 2085 cum
834 2011 946 2085 tertia
965 2029 1073 2110 parte
1091 2011 1176 2085 libri
1192 2012 1297 2085 tertii
1316 2012 1362 2087 de
1381 2013 1569 2111 regimine
1583 2013 1813 2115 principum
1823 2034 1891 2091 otc

271 2126 492 2228 imprellum
516 2129 674 2202 Venetus
694 2156 764 2228 per
779 2130 995 2229 magistrum
1012 2133 1192 2213 Stinonem
1209 2130 1448 2232 Bert‘laquam
1462 2130 1678 2231 Pupiensem
1695 2134 1815 2208 Anno
1828 2134 1895 2209 do-

272 2246 369 2319 mini
378 2246 562 2319 Milefimo
583 2246 1020 2321 CCCCLXXXXVlll.
1044 2247 1104 2321 die
1121 2274 1221 2322 nova
1240 2247 1373 2322 menfis
1390 2248 1483 2323 Julii
1501 2247 1630 2324 addito
1642 2251 1807 2351 registro
1821 2270 1896 2329 ter·

269 2365 429 2439 niorum
444 2364 507 2437 lin.
520 2364 578 2437 28.
596 2365 708 2443 Char.
719 2365 1062 2464 romanungrandis
1080 2364 1294 2464 splendidus
1313 2382 1351 2440 et
1368 2392 1440 2465 per
1457 2382 1583 2441 totum
1594 2370 1782 2471 aequalis,
1803 2398 1893 2449 cum

276 2482 362 2581 lign.
382 2483 459 2556 foll.
485 2482 661 2571 13411011
682 2510 787 2558 num.
810 2485 873 2558 lin.
898 2484 996 2573 446.

469 2624 599 2677 Punzerr'
617 2618 728 2678 Anunl.¹
739 2625 870 2699 Typogr.
889 2626 922 2678 T.
933 2626 961 2678 5.
979 2643 1009 2697 p.
1019 2624 1081 2696 433.
1102 2618 1139 2678 N.
1151 2624 1232 2695 2343.

370 2795 452 2867 623.
480 2838 530 2851 -
561 2795 690 2899 Quimi
705 2795 856 2868 Horatii
865 2797 994 2868 I‘laccz'
1007 2784 1159 2870 carmen
1176 2793 1351 2869 seculare.
1372 2838 1417 2857 ·-
1436 2796 1542 2870 Haec
1561 2794 1601 2869 in
1618 2796 1755 2872 fronte
1773 2840 1820 2855 ·-
1841 2798 1904 2873 fol.

276 2943 311 2988 2.
329 2941 483 2988 carmen
500 2912 663 2988 seculare
681 2958 728 2970 —
747 2915 769 2986 f.
789 2922 823 3002 4.
844 2914 907 2987 lin.
934 2942 985 2986 11.
1005 2913 1181 2987 carminis
1202 2911 1378 2987 secularis
1396 2912 1492 2986 linis:
1511 2956 1561 2971 -
1593 2913 1658 3019 iol.
1675 2918 1767 2991 eod.
1790 2918 1830 2991 b.
1852 2918 1907 2993 le·

277 3035 410 3135 quitur
426 3033 717 3108 Jacobz‘sentim·
733 3032 925 3115 ricinenfis
943 3032 989 3105 de
1015 3029 1245 3132 quibusdam
1273 3030 1387 3104 liricis
1410 3018 1642 3105 carminibus
1667 3038 1909 3111 tractatulus

277 3167 316 3225 et
334 3151 462 3250 primo
477 3151 726 3251 praefatio—
746 3150 829 3224 linit
848 3150 909 3223 sol.
928 3151 961 3223 6.
979 3149 1043 3225 lin.
1064 3176 1122 3248 29.
1141 3150 1224 3223 vale
1244 3147 1485 3223 ricinenfium
1505 3148 1797 3227 adolescentum
1820 3154 1911 3229 rini-

277 3295 366 3343 cum
387 3269 501 3343 decus
527 3285 565 3343 et
585 3285 865 3343 ornamentum.
894 3269 1006 3343 Char.
1025 3270 1128 3367 goth.
1146 3268 1186 3341 in
1205 3266 1372 3341 carmine
1399 3266 1548 3365 elegans
1572 3267 1684 3367 largis
1702 3270 1842 3370 spatiis
1862 3316 1914 3332 -

279 3387 321 3459 in
337 3385 449 3486 prola
464 3386 679 3460 ordinarius
701 3414 781 3460 non
797 3387 1001 3484 interjectis
1021 3386 1148 3487 spatiis
1169 3386 1245 3460 soll.
1266 3388 1298 3460 6.
1317 3411 1396 3460 non
1415 3385 1502 3485 lign.
1524 3412 1577 3483 ¹7·
1601 3386 1642 3461 in
1657 3387 1758 3462 verl'.
1776 3390 1842 3466 33.
1867 3392 1908 3467 in

280 3502 400 3605 prola.
418 3504 561 3603 absque
580 3503 719 3577 indicio
739 3504 811 3577 loci
837 3522 875 3577 et
894 3506 992 3578 anni.
1013 3512 1046 3595 4.

472 3644 623 3698 Panzerus
645 3644 678 3696 in
693 3642 799 3696 Annal.
816 3643 950 3716 Typogr.
972 3643 1007 3695 Τ.
1020 3663 1043 3696 ι.
1067 3663 1095 3716 p.
1113 3645 1175 3717 49⁰·
1194 3643 1232 3698 N.
1247 3643 1307 3718 169.
1326 3641 1403 3699 hano
1420 3642 1579 3699 editionem
1594 3638 1715 3720 Lipfiue
1733 3646 1850 3705 laetam
1875 3652 1913 3706 acl

570 3754 678 3792 annum
695 3730 775 3811 1498.
794 3734 899 3802 refert,
916 3736 1049 3809 quamvis
1070 3734 1230 3811 exemplari
1247 3736 1357 3792 nostrae
1381 3734 1576 3794 bibliothecae
1591 3736 1673 3794 loeus
1689 3754 1718 3795 et
1736 3760 1838 3799 annus
1856 3744 1913 3799 im-

568 3830 719 3907 pressionis
735 3829 810 3885 defit.

381 4008 464 4097 624.
492 4045 538 4060 -
563 4001 749 4105 Eprstolae
770 3999 985 4074 Phalaridzs
1007 4028 1076 4101 per
1095 4002 1319 4097 Francrscum
1338 4000 1526 4073 Arett'num
1541 3999 1913 4081 traducta-Haec

289 4128 328 4198 in
343 4120 469 4197 fronte
488 4163 537 4179 -·
557 4147 645 4196 cum
664 4119 828 4219 imagine
847 4118 1129 4217 representante
1152 4120 1426 4219 imperatorem
1449 4117 1641 4220 sceptrum
1669 4135 1708 4194 et
1729 4122 1910 4221 gladium

285 4244 325 4314 in
342 4242 515 4316 manibus
540 4242 755 4315 habentem.
778 4283 822 4295 -
844 4238 907 4310 fol.
932 4265 960 4310 1.
980 4237 1015 4309 b.
1036 4238 1188 4337 epistola
1204 4237 1389 4311 anaante
1407 4238 1568 4311 Honorii
1592 4238 1710 4339 Caspi
1734 4240 1911 4316 cubiten-

272 4363 334 4461 sls
354 4360 504 4459 epistola
523 4360 568 4432 ad
582 4361 764 4433 lectorem
774 4400 818 4414 —
829 4357 892 4429 fol.
911 4357 944 4430 3.
957 4356 991 4428 b.
1005 4355 1153 4427 Aretim'
1165 4354 1204 4427 in
1215 4356 1429 4429 Phalaridis
1443 4356 1613 4457 epistolas
1628 4358 1909 4458 proemium-

285 4480 350 4554 fol.
372 4482 404 4551 5.
422 4478 457 4551 b.
481 4477 654 4576 epistolae
671 4522 721 4534 -
739 4477 784 4551 ad
803 4479 919 4550 finem
940 4475 1134 4563 f01.43.b.
1160 4473 1222 4548 lin.
1249 4476 1301 4548 16.
1328 4474 1546 4575 imprellum
1565 4474 1713 4575 Lrpsiae
1738 4502 1812 4577 per
1837 4478 1907 4551 Ja-

289 4601 413 4676 cubum
440 4596 614 4668 Thanner
628 4594 934 4696 herbipolensem
953 4621 1053 4667 anno
1076 4592 1556 4669 MCCCCLXXXXVlll.
1573 4593 1634 4668 die
1650 4620 1744 4669 vero
1759 4594 1903 4672 ultimo

291 4723 394 4821 May.
416 4717 528 4791 Char.
546 4715 647 4814 goth.
669 4742 756 4789 cum
773 4714 859 4813 sign.
880 4713 1059 4790 rubricat.
1077 4711 1213 4784 rubris.
1235 4712 1311 4786 foll.
1331 4714 1388 4803 43.
1410 4740 1488 4787 non
1508 4712 1592 4813 slgn.
1609 4712 1673 4789 lin.
1689 4712 1747 4789 33.
1770 4720 1805 4803 4.

414 4882 435 4901 ..
485 4838 613 4896 Panzeri
630 4836 734 4893 Annal.
754 4838 885 4937 ssy110g1··
908 4835 943 4891 T.
958 4852 980 4891 ι.
998 4852 1026 4910 p.
1037 4832 1099 4908 491.
1120 4832 1157 4887 N.
1172 4831 1229 4905 176.
1250 4834 1354 4897 Malu.
1371 4835 1444 4909 App.
1465 4852 1493 4910 p.
1510 4832 1572 4909 545.
