4320 5700
606 593 845 655 esratoeus
872 591 1245 652 emuoenarurcus
1272 595 1409 655 unvn.
1793 588 1840 660 33

232 781 286 856 las
305 779 496 854 vanitates
509 775 599 850 editi
617 791 684 850 etc.
711 773 878 849 Haecin
904 772 1094 848 fronte-
1111 773 1174 846 fol.
1204 774 1357 849 eodem:
1386 774 1500 872 index
1523 777 1770 854 materiarum
1789 827 1837 842 —

232 898 347 972 1013.
369 894 615 970 Proaemium
634 935 683 952 -
702 892 807 965 fol...
826 890 889 964 lin.
903 918 959 963 20.
986 891 1088 963 loun.
1106 892 1231 964 Frons.
1249 891 1334 964 Pici
1343 891 1502 965 Domini
1524 907 1561 966 et
1583 897 1733 971 comitis
1750 926 1840 974 con-

232 1013 384 1088 cordiae
405 1038 523 1111 opera
543 1009 672 1086 omnia
688 1026 727 1083 et
745 1008 937 1083 bracteata
955 1008 1100 1081 finiunt.
1129 1008 1367 1105 Argentorati
1384 1009 1511 1085 Pridie
1529 1011 1738 1090 februarias
1757 1020 1836 1093 An-

231 1157 283 1205 no
298 1131 463 1204 MDVll.
480 1170 530 1186 -
557 1155 609 1201 11.
630 1125 802 1201 Pontifir.
822 1125 925 1199 Max.
946 1141 984 1199 et
1000 1126 1265 1199 Musuniltuuo
1292 1126 1445 1203 Caesare
1470 1133 1641 1225 augusto,
1665 1131 1832 1234 inclyto,

232 1247 399 1323 invictill.
417 1244 593 1322 universo
611 1261 804 1318 terrarum
828 1241 913 1316 orbi
935 1241 1241 1342 praefidentibus.
1270 1245 1429 1316 loannes
1448 1245 1681 1320 Knoblochur
1701 1252 1835 1353 impri—

231 1365 380 1456 mebat,
409 1362 633 1460 recognavit
658 1360 825 1434 Mathias
845 1359 1062 1433 Schurerr'us.
1079 1402 1129 1416 --
1156 1361 1381 1460 Sequuntur
1406 1361 1508 1445 Ioan.
1533 1365 1719 1461 Francisci
1738 1372 1838 1457 Pici,

229 1485 469 1557 theoremata
491 1481 566 1554 foll.
591 1507 669 1574 117.
688 1478 820 1552 liuzo.
840 1477 972 1551 lormis
990 1475 1123 1551 excusa
1141 1476 1201 1551 die
1215 1478 1341 1552 XXll.
1360 1479 1541 1555 Decemb.
1560 1482 1674 1556 Anno
1687 1488 1836 1565 MDVl.

231 1600 384 1700 quando
411 1596 579 1678 invictill.
610 1595 775 1675 Caesaris
803 1596 1065 1668 Maximiliani
1083 1595 1240 1692 Augusti
1271 1595 1369 1690 lilius
1394 1596 1612 1696 unigenitus
1645 1602 1837 1705 Philippus

225 1717 491 1816 Hispaniarum
518 1715 601 1793 Rex
621 1739 700 1786 non
732 1712 806 1788 fine
836 1712 953 1785 totius
982 1711 1200 1786 christianae
1227 1712 1459 1813 reipublicae
1484 1713 1649 1802 iactura,
1683 1720 1836 1799 florenti
1906 1756 1912 1764 ·

229 1849 350 1908 aetate
364 1831 531 1933 periille‚
550 1831 772 1929 deploratur
790 1833 835 1902 ab
854 1828 957 1901 omni
974 1830 1119 1927 populo
1131 1873 1181 1889 -···
1199 1829 1286 1903 dein
1305 1829 1475 1904 eiusdem
1492 1832 1833 1934 PiciEpistolarum

226 1950 313 2024 libri
333 1966 498 2049 quatuor
523 1990 574 2005 -
592 1946 656 2020 fol.
668 1948 749 2045 289.
763 1946 836 2044 plin.
849 1947 881 2018 6.
905 1945 990 2018 lutis
1012 1946 1097 2020 libri
1119 1948 1254 2048 quarti.
1282 1948 1394 2022 Char.
1418 1975 1515 2024 rom.
1543 1938 1620 2028 foll.
1646 1955 1727 2054 289.
1754 1986 1835 2035 non

228 2066 314 2167 fign.
329 2067 393 2140 lin.
412 2068 470 2155 48.
488 2064 513 2139 f.
571 2126 579 2142 .

415 2206 565 2260 Panzerus
586 2203 617 2258 in
634 2200 740 2256 Annal.
760 2201 891 2274 Typogr.
913 2202 947 2255 T.
958 2199 983 2255 6.
1000 2221 1028 2277 p.
1040 2203 1085 2274 37.
1105 2203 1143 2257 N.
1154 2218 1199 2278 92.
1215 2202 1293 2258 hunc
1312 2204 1457 2270 Tomara,
1475 2222 1611 2280 tanquam
1631 2226 1741 2285 partem
1759 2216 1826 2274 alte.

512 2314 574 2350 ram
591 2313 711 2369 operum
728 2295 793 2348 Pisi
815 2292 966 2358 describit,
984 2311 1109 2348 attamen
1129 2294 1336 2350 theorematum
1355 2313 1381 2352 et
1400 2297 1600 2373 Epistolarum
1613 2303 1695 2358 nulla
1710 2306 1742 2361 fit
1756 2329 1834 2366 rnen.

511 2389 572 2453 tio;
591 2390 624 2441 in
641 2385 819 2441 editionibus
836 2405 954 2460 operum
971 2389 1036 2442 Pici
1051 2388 1152 2441 variae
1169 2404 1356 2443 occurrerunt
1374 2392 1568 2458 mutationes,
1591 2394 1622 2448 id
1638 2399 1717 2469 quod
1738 2420 1830 2458 annus

511 2479 704 2557 impreffiouis
724 2479 842 2538 MDVI.
859 2480 892 2536 in
909 2477 965 2535 fine
983 2480 1070 2535 Tomi
1088 2478 1205 2537 secundi
1220 2481 1429 2540 mutilatam
1450 2485 1576 2559 impreffi
1595 2488 1715 2547 indicat.
1803 2537 1805 2541 ,

321 2649 379 2747 89.
405 2687 454 2706 -
478 2635 682 2726 llluminati
712 2648 833 2721 farrae
862 2647 1020 2746 paginae
1051 2645 1272 2722 Profefforis
1305 2651 1518 2751 amplillimi
1540 2656 1705 2754 Magistri
1730 2663 1829 2765 Ray.

224 2767 352 2839 mundi
368 2767 489 2839 Lullii
500 2792 561 2839 ars
575 2791 711 2864 magna
730 2764 913 2864 generalis
931 2780 968 2839 et
985 2765 1120 2838 ultima
1135 2781 1204 2838 etc.
1226 2768 1316 2840 Icon
1334 2769 1541 2845 Salvatoris
1575 2800 1663 2865 eum
1678 2776 1832 2882 inscrip-

224 2883 329 2958 tione
351 2884 464 2958 Salva
482 2880 606 2956 lancta
630 2881 752 2955 facies.
778 2924 826 2938 -
845 2881 1006 2956 Haecin
1030 2883 1223 2956 fronte-
1250 2884 1312 2958 fol.
1343 2886 1478 2961 eodem
1501 2889 1697 2964 Laurentii
1721 2897 1834 2974 Theo·

227 3000 334 3074 baldi
346 3002 560 3102 Epigrama.
584 3040 630 3056 -
653 2999 762 3073 loha.
778 2998 890 3073 index
912 2999 1180 3100 alphabeticus.
1206 3003 1340 3083 -101,
1359 3012 1435 3094 124.
1459 3005 1521 3080 lin.
1548 3009 1600 3081 13.
1628 3009 1831 3091 illuminati

221 3118 294 3191 viri
311 3118 476 3218 Magistri
493 3117 821 3218 RaymundiLulli
835 3133 905 3192 etc.
922 3144 981 3190 ars
1002 3144 1139 3217 magna
1155 3120 1340 3216 generalis
1360 3138 1398 3194 et
1416 3122 1549 3199 ultima
1565 3141 1634 3200 etc.
1662 3130 1837 3230 Lugduni

216 3262 288 3333 per
306 3235 472 3308 Iacobum
488 3234 681 3308 Mareshal
696 3235 1010 3331 Calcographum.
1033 3235 1259 3331 sumptibus
1273 3264 1365 3312 vero
1385 3240 1542 3314 drinonis
1560 3246 1715 3321 Vinumt.
1723 3249 1824 3341 fide-

220 3355 271 3424 lis
283 3352 508 3450 Bibliopola.
531 3353 646 3424 Anno
666 3350 771 3423 verbi
795 3350 976 3423 incarnati
996 3350 1291 3426 MCCCCCVll.
1315 3355 1449 3454 quinto
1470 3360 1566 3435 ldias
1584 3364 1685 3463 Maji.
1714 3369 1825 3444 Char.

218 3467 322 3568 goth.
338 3467 493 3572 minulc.
510 3459 587 3541 loll.
608 3494 711 3540 num.
733 3469 809 3540 125.
833 3467 896 3540 lin.
907 3468 964 3566 59.
983 3474 1016 3556 4.

304 3639 308 3664 t
403 3605 505 3663 Editio
524 3606 559 3663 ab
577 3582 711 3662 Analistia
727 3603 888 3661 hucusdum
907 3623 967 3660 non
984 3604 1120 3661 indicata.

227 3833 230 3841 ·
311 3824 368 3898 90·
389 3837 438 3856 --
460 3797 689 3870 Guillrermus
714 3793 920 3895 Episcopus
947 3793 1160 3869 Parifienfis
1190 3797 1236 3871 de
1262 3801 1527 3879 collationibus
1550 3822 1587 3880 et
1611 3809 1826 3907 pluralitate

212 3916 538 3991 ecclefialticorum
562 3914 847 3992 beneficiorum.
871 3954 914 3968 -
946 3913 1117 3985 Albertus
1144 3913 1302 4011 Magnus
1322 3917 1368 3992 de
1386 3919 1625 3996 adhaerendo
1649 3925 1713 3998 soli
1741 3929 1824 4006 de0.

214 4036 381 4109 Sanctus
390 4037 644 4108 Bonarentura
666 4034 712 4108 ad
729 4033 863 4106 fratres
884 4030 1164 4116 mendicantes,
1186 4033 1315 4131 quales
1333 4035 1403 4108 elle
1423 4038 1584 4113 debeant
1605 4067 1693 4140 erga
1717 4072 1826 4144 prae·

213 4152 310 4225 latos
329 4167 365 4223 et
382 4152 619 4226 ecclesiarum
637 4168 816 4226 rectores.
833 4192 884 4205 -
899 4148 1058 4223 Haecin
1077 4149 1213 4222 fronte.
1230 4194 1279 4208 -
1295 4151 1357 4226 fol.
1374 4153 1457 4227 eod.
1475 4154 1509 4226 b.
1536 4157 1700 4257 Epistola
1721 4164 1822 4243 laco-

214 4269 256 4341 bi
274 4266 555 4366 Winphelingii
571 4268 616 4342 ad
637 4269 813 4341 loannem
832 4267 997 4368 Ryneum
1018 4307 1067 4324 -
1091 4267 1152 4341 fol.
1170 4273 1227 4355 42.
1245 4267 1308 4340 lin.
1330 4297 1360 4363 7.
1389 4270 1505 4346 habes
1530 4274 1592 4350 hic
1617 4279 1822 4361 dulcillime

212 4387 332 4460 lector
354 4383 599 4458 Guillrermum
617 4381 851 4481 Parisiensem
870 4403 939 4461 etc.
960 4428 1009 4443 -
1026 4383 1257 4458 Prodieruut
1281 4387 1373 4460 haec
1391 4388 1551 4466 feliciter
1576 4397 1621 4470 ad
1644 4398 1716 4474 Dei
1744 4404 1821 4477 lau-

218 4506 306 4580 dem
324 4531 370 4578 ex
382 4501 537 4577 officina
547 4502 698 4576 Ioannis
708 4504 1209 4600 Knoblouchifflrgentinae)
1226 4504 1340 4578 Anno
1357 4505 1483 4583 salutis
1498 4516 1820 4593 nostraethVll.

216 4623 373 4700 Kalend.
394 4621 524 4696 Julias.
547 4621 657 4695 Char.
674 4623 901 4723 plerumque
920 4623 981 4697 lat.
1003 4621 1080 4694 foll.
1101 4648 1180 4696 non
1198 4650 1300 4699 uum.
1322 4631 1378 4716 42.
1400 4627 1464 4703 lin.
1481 4629 1538 4703 33.
1556 4638 1589 4721 4.

406 4761 535 4818 Panzcrt‘
553 4761 657 4820 huual.
681 4757 813 4839 'Typogn
832 4764 865 4820 T.
877 4763 908 4822 6.·
923 4761 1009 4840 p-36.
1031 4763 1069 4818 N.
1079 4763 1125 4837 93.
1190 4811 1196 4820 ,

318 4876 392 4950 Vol.
410 4875 458 4950 Il.
928 4875 930 4880 ’
1406 4880 1438 4950 Ε
