4320 5700
720 617 959 680 caracoous
984 598 1478 703 nranoomnnrcoa-unr.
1814 665 1819 677 .
1874 605 1895 676 3

290 801 413 876 Dathi
423 800 628 900 elegantiae
642 825 730 875 cum
746 800 886 900 duplici
904 800 1191 873 commentario.
1209 804 1258 856 ὲ-
1274 798 1440 896 Regulae
1456 796 1763 884 constructionis,
1791 801 1894 874 ordi-

291 921 372 1007 nis,
408 920 608 997 venustatis
637 936 675 994 et
696 917 916 992 diverfitatis
945 918 990 991 ab
1005 918 1175 1015 Ascensro
1201 915 1380 991 collectae
1402 931 1440 990 et
1466 912 1636 990 insertae.
1660 958 1711 975 -
1727 917 1894 1018 Regulae

292 1037 565 1137 elegantiarum
598 1034 783 1133 Francrsci
806 1035 904 1134 nigri
937 1061 1024 1109 cum
1052 1034 1328 1134 explanatione.
1347 1073 1398 1090 -
1413 1033 1698 1132 Magistratuum
1717 1062 1897 1111 romano-

290 1181 378 1229 rum
397 1155 554 1254 diligens
570 1155 784 1230 declaratio.
803 1196 853 1210 -
869 1157 964 1226 ltem
988 1154 1120 1226 lodoci
1142 1149 1256 1250 Badij
1275 1150 1442 1249 Ascensri'
1464 1151 1606 1225 directe
1627 1151 1814 1227 scribendi
1835 1180 1894 1229 ra·

208 1288 217 1302 ⁴
289 1274 394 1347 tione
417 1271 683 1373 compendiosa
703 1273 875 1348 traditio:
904 1274 984 1344 Nec
1002 1286 1080 1343 non
1099 1269 1145 1343 de
1166 1269 1439 1367 orthographia
1456 1271 1607 1369 regulae
1627 1272 1830 1368 generales.
1844 1317 1892 1332 -

290 1390 644 1490 ApeaAscensziruus
660 1391 706 1462 dc
721 1389 863 1488 graecis
880 1387 1108 1460 dictionibus
1123 1413 1169 1460 ex
1194 1387 1363 1459 Tortellio
1383 1386 1644 1487 depromptus.
1656 1389 1893 1466 -Eiusdem

291 1509 336 1584 de
356 1507 643 1606 Orthographia
660 1532 747 1581 cum
767 1522 845 1581 arte
865 1503 1168 1604 diphthongandi
1192 1503 1353 1578 Guarini
1371 1505 1593 1579 Veronensis
1618 1506 1771 1604 regulae
1786 1535 1891 1584 com-

288 1623 532 1698 modissimae.
549 1664 596 1679 -
613 1623 673 1697 De
691 1623 823 1697 eadem
842 1639 1016 1695 exactum
1040 1611 1193 1719 Georgii
1213 1622 1343 1694 Vallae
1360 1622 1642 1721 compendium.
1658 1666 1708 1682 -
1725 1628 1821 1700 ltem
1841 1628 1894 1701 di-

286 1743 444 1816 vibones
469 1756 766 1842 praeceptorum
800 1756 837 1813 et
853 1735 1050 1837 Augustini
1068 1738 1192 1811 Datlti
1205 1754 1243 1813 et
1265 1740 1402 1812 Franci
1413 1742 1452 1812 ci
1468 1740 1595 1838 Nigri,
1629 1758 1743 1842 atque
1768 1724 1919 1819 nomi-x

284 1885 379 1953 num
388 1863 650 1932 'romanorum
667 1856 863 1931 novissime
879 1854 1167 1955 supperadditae
1186 1856 1623 1955 p.Jo.Med1orillanum.
1645 1899 1696 1919 -·
1725 1862 1831 1938 Haec
1851 1866 1891 1938 in

192 2068 196 2071 Α
283 1977 410 2050 fronte
430 2001 519 2052 cum
536 1976 768 2075 epigramate
780 1971 1008 2070 Ascensii-
1027 1973 1090 2046 fol.
1102 2000 1134 2046 2.
1155 1974 1318 2072 Epistola
1333 1974 1690 2072 Badri‘Asceusri'ad
1713 1981 1892 2058 studiosos

283 2119 373 2167 cum
393 2092 663 2192 subscriptione
685 2118 731 2165 ex
751 2090 906 2164 officina
924 2095 1048 2164 nostra
1063 2090 1247 2191 litteraria
1261 2091 1301 2163 in
1321 2091 1541 2190 Faliscorum
1561 2095 1727 2170 Lutetiae
1743 2100 1789 2173 ad
1816 2101 1892 2175 Oc-

280 2210 612 2286 tavum‘Calendas
631 2208 787 2282 Martias
815 2207 930 2280 Anno
952 2207 1060 2304 juxta
1078 2208 1344 2283 Romanorum
1364 2208 1527 2283 calculos
1553 2211 1751 2308 Milleslmo
1777 2218 1887 2317 quin-

281 2328 486 2430 gentesimo
506 2327 645 2428 primo.
664 2367 714 2383 -
733 2324 912 2400 adfinem
932 2325 995 2399 fol.
1017 2327 1095 2414 154.
1117 2325 1180 2398 lin.
1200 2328 1247 2415 45
1269 2326 1408 2425 legitur
1431 2326 1590 2428 sequena
1614 2329 1814 2409 distichon:

568 2445 733 2519 Proinde
753 2469 851 2549 puer
870 2459 976 2520 tanto
993 2468 1208 2516 memorem
1225 2459 1262 2517 te
1286 2444 1436 2518 ostende
1453 2445 1574 2520 labori

662 2563 792 2662 Atque
813 2586 971 2659 operam
987 2559 1081 2633 velis
1100 2557 1346 2661 remigiisque
1363 2556 1487 2636 dabo.

283 2683 395 2758 Char.
414 2678 836 2776 Gotth.foll.s1gn.154.
855 2676 988 2776 glossae
1010 2677 1258 2775 marginales,
1280 2678 1342 2751 lin.
1360 2705 1416 2776 29.
1436 2678 1459 2752 f.

472 2817 666 2874 verisimiliter
680 2816 730 2870 hic
747 2830 884 2870 tractatus
903 2815 1004 2870 eodem
1021 2834 1096 2881 anno
1107 2815 1214 2901 editur
1227 2815 1303 2882 luit,
1320 2835 1377 2890 quo
1387 2816 1503 2873 Badius
1514 2821 1668 2899 Ascerfius
1679 2825 1825 2901 epistolam
1836 2831 1884 2887 de.

568 2909 739 2965 dicatoriam
755 2908 918 2965 charactere
932 2908 1046 2986 prorsus
1065 2907 1123 2965 alio
1140 2907 1211 2964 huie
1230 2908 1312 2984 operi
1326 2910 1500 2984 praeposuit.

376 3082 409 3156 5.
434 3117 485 3142 -·
516 3080 764 3184 Quodlibetica
795 3078 925 3177 decisio
954 3081 1185 3181 perpulchra
1215 3097 1253 3156 et
1286 3081 1425 3156 devota
1445 3081 1492 3156 de
1519 3081 1663 3184 septem
1688 3084 1885 3176 doloribus
1947 3065 1950 3071 ἵ

279 3200 496 3274 Christifere
511 3198 669 3296 virginis
686 3199 832 3272 Manae
851 3225 894 3273 ac
914 3199 1108 3271 communi
1125 3198 1425 3291 etjsaluberrima
1442 3197 1751 3281 confraternitate
1768 3207 1814 3282 de
1824 3208 1883 3283 su-

275 3344 347 3419 per
374 3301 604 3389 inllituta‘ad
622 3315 701 3387 eius
719 3316 909 3386 honorem
939 3329 977 3386 et
999 3313 1170 3412 gloriam.
1189 3357 1238 3373 —
1256 3316 1360 3390 Haec
1389 3315 1429 3389 in
1449 3315 1575 3392 fronte
1602 3346 1691 3394 cum
1715 3321 1879 3422 imagine

280 3433 412 3509 matris
423 3430 629 3506 ,dolorosae
655 3430 719 3503 fol.
733 3457 766 3503 2.
795 3429 923 3503 tabula
940 3430 1177 3529 alphabetico
1194 3431 1463 3532 principalium
1486 3438 1734 3513 materiarum
1753 3485 1803 3499 -
1819 3443 1882 3517 sol.

192 3610 194 3618 ,
277 3553 344 3626 ult.
364 3552 420 3640 54.
443 3550 506 3623 lin.
527 3550 586 3623 31.
615 3546 835 3648 impressum
853 3547 1087 3621 Schratental
1103 3547 1143 3620 in
1158 3548 1304 3644 Ausara
1331 3550 1377 3622 A.
1395 3551 1483 3625 Dni.
1509 3554 1561 3626 M.
1581 3552 1881 3656 quingentefimo

275 3663 405 3769 primo
414 3667 591 3748 vicesimo
602 3665 662 3740 die
677 3663 812 3740 menlls
823 3667 956 3741 Marci.
967 3709 1016 3726 -
1026 3666 1139 3740 Char.
1150 3665 1266 3739 Goth.
1280 3666 1362 3740 Lat.
1378 3667 1471 3757 tat.
1494 3695 1573 3743 non
1584 3670 1669 3771 fign.
1682 3674 1768 3750 Lin.
1779 3678 1837 3775 37.
1847 3687 1897 3768 4.-

464 3808 594 3864 Panaeti
606 3803 711 3861 Annal.
729 3805 861 3879 Typogr.
881 3805 916 3861 T.
926 3801 953 3862 8.
971 3825 1000 3881 p.
1011 3802 1074 3881 289.
1085 3805 1123 3860 N.
1135 3825 1160 3862 a.
1181 3805 1433 3882 DenitNachtrag
1449 3827 1500 3864 zur
1508 3810 1876 3890 Buchdruchergeschichta

564 3899 679 3958 Wiona.
698 3917 727 3973 p.
747 3913 791 3953 20.
810 3897 842 3951 in
859 3895 1046 3972 praelatione.

371 4070 403 4143 6.
422 4111 472 4127 -
487 4066 718 4143 Problemata
739 4066 951 4140 Alexandri
964 4064 1133 4164 Aphrodi
1144 4067 1183 4139 ei
1195 4066 1350 4166 Georgio
1366 4060 1484 4151 Valla⁴
1495 4069 1714 4171 interprete.
1727 4078 1880 4153 -Pro·

277 4187 442 4267 blemata
459 4183 665 4282 Aristotelis
686 4184 869 4258 Theodoro
889 4183 994 4258 Gaza
1012 4182 1232 4282 interprete.
1257 4226 1310 4243 -
1334 4185 1577 4261 Problemata
1601 4187 1794 4268 Plutarchi
1806 4223 1898 4297 per.

273 4307 453 4392 loannem
472 4301 614 4375 Petrum
631 4300 843 4378 Lucensem
862 4301 901 4373 in
920 4300 1002 4375 Lat.
1029 4300 1210 4390 conversa
1227 4342 1275 4360 ·-
1292 4302 1451 4377 Haecin
1468 4303 1595 4381 fronte
1612 4306 1675 4382 fol.
1701 4337 1730 4384 1.
1749 4355 1798 4371 --
1812 4315 1877 4390 sol.

275 4450 308 4499 2.
329 4421 493 4522 Epistola
520 4421 651 4496 Vallae
672 4418 720 4495 ad
735 4420 915 4510 Ioannem
932 4419 1158 4492 Marlrauum
1177 4420 1515 4512 mathematicum,
1542 4439 1580 4499 et
1607 4424 1686 4502 alia
1707 4430 1876 4508 Victoris

236 4562 249 4576 *
272 4539 391 4641 pisani
409 4539 456 4628 ad
470 4540 687 4614 Ludoricum
697 4538 887 4634 Mocem‘go
901 4577 942 4593 -
970 4536 1033 4610 fol.
1044 4537 1077 4633 3.
1098 4537 1286 4637 incipiunt
1302 4539 1603 4641 Problemata-
1613 4544 1660 4618 ad
1678 4547 1794 4623 finem
1810 4551 1875 4625 fol.

274 4659 331 4735 82.
355 4659 564 4759 expliciunt
581 4655 823 4738 Problemata
840 4654 1284 4756 Alexandn·Aphrod1'sei
1299 4685 1319 4732 e
1338 4685 1451 4757 greco
1469 4660 1509 4734 in
1527 4661 1687 4736 latinum
1701 4666 1875 4740 traducta

273 4800 343 4874 per
367 4777 576 4877 Gregorzum
596 4775 740 4868 Vallam
761 4767 985 4892 et‘Aristolis
999 4773 1237 4898 problemata
1257 4775 1688 4884 Theodorogjnterpretm
1724 4797 1761 4854 et
1787 4781 1872 4860 Plu.

1322 4919 1323 4922 ’
1404 4893 1487 4969 Aa
