4320 5700
278 603 346 702 198
705 621 945 679 cnrrtosos
970 618 1346 681 srntroennrutcus
1371 618 1450 677 nn.

274 798 310 870 b.
331 801 459 896 Imago
475 798 548 872 Dei
568 798 690 873 Patris
708 798 902 899 omnipot:
924 800 1027 899 ligno
1054 799 1174 875 incisu.
1196 800 1307 874 Char.
1334 798 1439 899 goth.
1456 791 1613 870 minusc.
1630 792 1745 865 ssent.
1770 792 1882 893 Quen·

274 915 348 987 tell.
371 941 458 989 cum
476 914 561 1015 sign.
580 916 657 991 soll.
679 944 730 989 12.
752 944 831 990 non
845 944 950 991 num.
966 922 1000 991 8.
1019 918 1110 992 min.

466 1099 593 1153 Pcnzeri
610 1098 714 1152 ,tanat
725 1099 857 1172 Typogr.
879 1098 914 1153 T.
923 1100 948 1170 4
968 1118 996 1172 p.
1006 1094 1067 1153 231.
1088 1098 1126 1153 Ν.
1137 1097 1204 1158 350.
1219 1094 1250 1169 b}

369 1346 453 1421 632.
471 1391 519 1407 -
538 1349 691 1421 Ioannis
708 1350 881 1422 Borcani
900 1349 1062 1421 Certasdi
1071 1348 1118 1422 de
1138 1346 1278 1421 casibus
1298 1348 1495 1423 illullrium
1509 1348 1687 1421 virorum
1700 1342 1790 1417 libri
1805 1343 1882 1416 No-

274 1489 363 1538 vem
399 1492 519 1565 quum
541 1465 702 1538 historiis
731 1466 876 1538 affatim
913 1464 1180 1563 cognoscendis
1210 1484 1294 1539 tum
1329 1466 1522 1566 praeclare
1552 1460 1789 1537 instituendis
1816 1460 1881 1533 hc-

172 1670 177 1679 ·
272 1581 421 1654 minum
432 1582 604 1655 moribus
622 1583 731 1679 longe
747 1581 938 1655 utilissimi.
956 1584 1238 1659 venumdentur
1255 1584 1302 1659 ab
1314 1583 1674 1657 IoanneGormontio
1689 1597 1727 1655 et
1743 1580 1879 1653 Ioanne

274 1698 390 1773 Parvo
408 1699 633 1799 Bibliopolis
657 1700 702 1773 de
730 1726 771 1772 re
793 1700 963 1774 literaria
985 1701 1131 1801 optima
1159 1701 1305 1776 meritis
1329 1728 1418 1775 cum
1440 1700 1544 1774 scuto
1570 1715 1610 1773 et
1634 1696 1878 1798 inscriptione

273 1818 419 1915 (soban
442 1818 561 1913 Petit)
593 1817 694 1915 ligno
728 1816 848 1890 incisa.
874 1858 920 1873 -
952 1820 1060 1893 Haec
1079 1818 1118 1891 in
1139 1819 1327 1897 fronte-
1353 1818 1523 1918 sequitur
1540 1817 1604 1891 sol.
1624 1816 1700 1918 seq.
1715 1842 1798 1890 non
1815 1815 1879 1916 stg·

272 1951 384 2009 nato:
414 1935 601 2009 dedicatio
625 1936 763 2008 Ioanni
783 1935 997 2009 Theoderici
1019 1937 1216 2010 Bellouaci
1231 1937 1277 2011 ad
1305 1936 1504 2010 Antonium
1529 1934 1786 2008 Theodericum
1811 1934 1875 2007 Pa·

274 2067 379 2127 trum
399 2070 437 2128 et
457 2054 720 2129 Maecenatem
735 2054 843 2127 suum
858 2094 907 2111 —
925 2082 1021 2155 quae
1039 2054 1122 2129 sinit
1139 2054 1250 2129 nosce
1267 2054 1443 2154 teipsum
1460 2096 1510 2110 -
1529 2051 1620 2126 dein
1637 2051 1809 2153 sequitur
1824 2051 1877 2123 in-

273 2171 346 2245 dex
366 2172 571 2246 litterarius
589 2198 718 2245 rerum
734 2187 772 2245 et
782 2172 989 2245 verborum
1008 2212 1059 2234 -
1074 2172 1260 2271 praefatio
1277 2171 1323 2247 ad
1335 2174 1519 2246 lectorem
1534 2212 1584 2231 —
1600 2168 1758 2270 epistola
1771 2168 1878 2243 soan-

272 2292 333 2362 πίε
357 2290 570 2363 Theoderici
583 2291 791 2362 Bellouaci
814 2330 861 2347 -
884 2291 930 2365 ad
954 2293 1171 2364 Florentium
1204 2290 1459 2387 Colleffomicm
1483 2304 1521 2363 et
1542 2288 1723 2361 Ioannem
1750 2288 1879 2359 Culte!-

269 2408 345 2479 lum
359 2433 578 2480 -carmen
601 2407 760 2505 Elegum
778 2410 957 2482 Florentii
969 2451 1016 2463 -
1038 2405 1294 2503 Coliffmii—
1314 2408 1377 2480 sol.
1405 2434 1433 2479 1.
1457 2405 1553 2481 liber
1575 2404 1729 2505 primus
1756 2403 1804 2479 de
1824 2432 1881 2479 ca·

271 2524 367 2607 sibus
394 2524 591 2598 illuslrium
615 2524 788 2598 virorum
811 2569 862 2585 --
880 2524 944 2598 sol.
965 2552 1042 2620 117.
1067 2525 1130 2597 lin.
1153 2550 1205 2597 12.
1232 2524 1317 2597 finis
1339 2526 1492 2598 Novem
1516 2522 1711 2597 librorum
1729 2522 1883 2595 Ioannis

268 2642 444 2716 Boccacz'i
459 2642 621 2715 Certasdi
637 2643 752 2716 variis
767 2670 900 2717 rerum
915 2641 1162 2742 scriptoribus
1182 2670 1274 2719 cura
1291 2642 1562 2743 diligentiaque
1579 2638 1785 2715 solertiore
1807 2640 1883 2737 col-

269 2761 479 2849 lectorum,
510 2761 575 2861 qui
597 2787 798 2860 nunquam
821 2779 931 2836 antea
951 2762 1050 2862 apud
1072 2763 1203 2837 Gallos
1227 2760 1400 2861 'impressi
1423 2760 1578 2839 tandem
1605 2758 1772 2833 stanneis
1799 2758 1885 2833 cba-

269 2878 477 2952 racteribus
500 2879 620 2953 exeusl
641 2877 726 2953 sunt
742 2879 940 2977 Parrhistis
957 2881 1003 2955 ab
1021 2881 1162 2953 Ioanne
1178 2880 1390 2953 Gormontzb.
1403 2876 1619 2976 bibliopola
1637 2876 1686 2951 de
1706 2876 1824 2951 bonis
1843 2876 1885 2949 li-

265 2996 357 3069 teris
382 2998 527 3094 optime
552 2996 703 3071 merito.
724 2998 793 3070 His
813 2997 940 3071 addita
957 3002 1004 3071 est
1021 2998 1176 3071 Ioannis
1202 2998 1377 3070 Boccaciz'
1394 2995 1557 3068 Certaldi
1571 2994 1652 3069 vita
1673 3022 1748 3095 per
1772 2996 1886 3071 socn-

267 3140 347 3185 nem
365 3113 615 3189 Theodericum
625 3115 856 3189 Bellorccum
876 3114 1036 3215 scripta;
1053 3143 1151 3216 quae
1174 3115 1251 3189 soll.
1269 3113 1415 3187 eodem.
1433 3140 1512 3210 117.
1531 3098 1572 3187 b.
1585 3111 1681 3187 sinit.

1113 3272 1128 3305 e

341 3360 344 3367 ¹
455 3340 501 3393 De
519 3336 574 3391 hac
591 3337 825 3413 praestantissima
843 3338 971 3393 editione
999 3357 1057 3392 non
1078 3336 1253 3413 superllnum
1269 3339 1325 3392 erit
1349 3357 1383 3392 ea
1401 3335 1527 3403 resecto,
1551 3354 1625 3409 quse
1653 3336 1785 3392 Clemens
1814 3336 1887 3391 dans

545 3432 574 3484 la
591 3430 796 3501 Bibliotheqne
824 3432 953 3487 curiense
971 3433 1095 3499 Tomq‘.
1122 3429 1506 3505 ρ.359.1ηῑίιιςηιοῐιιοιειῑι
1535 3426 1679 3503 allegatur
1706 3426 1753 3483 ibi
1772 3428 1881 3485 ccccl:

557 3521 749 3575 Bibliothecae
768 3521 855 3593 goth:
878 3542 907 3577 v.
930 3523 1081 3577 Mastricht
1092 3528 1194 3577 Brome
1215 3540 1295 3595 ¹7²9·
1322 3516 1351 3575 8.
1369 3522 1434 3577 511.
1453 3518 1639 3577 Bibliotheca
1660 3520 1888 3595 exquifitiffimc

546 3614 656 3685 Hugae
682 3613 820 3665 comitum
846 3612 922 3686 opud
947 3617 1097 3691 mojetiens
1129 3618 1206 3686 1732.
1224 3610 1253 3670 8.
1272 3617 1301 3668 Ρ.
1322 3632 1345 3667 1.
1362 3614 1467 3689 p.u5.
1491 3614 1639 3669 Recenti
1653 3612 1884 3671 Bibliothecasis

548 3703 609 3758 vol.
627 3720 652 3757 2.
674 3724 703 3777 p.
727 3719 786 3774 127.
813 3704 941 3760 Goezens
954 3704 1254 3781 Merlrwiirdiglieiten
1274 3706 1324 3760 der
1341 3704 1456 3781 kdnigl.
1476 3702 1655 3762 Bibliotbelt.
1675 3724 1714 3760 cu
1731 3706 1880 3763 Drcsdcn.

548 3816 578 3850 v.
594 3815 616 3851 r.
633 3817 661 3870 p.
671 3790 716 3870 89.
738 3795 887 3851 Mastricln
904 3796 941 3853 L.
953 3788 978 3854 c.
997 3798 1108 3854 asserit:
1128 3798 1220 3854 editio
1238 3819 1304 3854 rara
1324 3815 1350 3854 et
1367 3818 1433 3854 cora
1449 3836 1460 3867 ,
1489 3819 1526 3854 cx
1540 3796 1715 3873 primordiis
1730 3814 1882 3875 typogra-

477 3912 481 3917 ·
550 3887 637 3961 phiec
653 3888 709 3941 line
726 3887 791 3942 loco
812 3906 840 3944 et
861 3910 938 3945 anno
954 3892 987 3946 in
1005 3890 1089 3947 italie
1104 3890 1239 3967 prodiisse
1255 3892 1379 3969 conjicio
1397 3922 1433 3933 -
1458 3907 1486 3947 et
1503 3890 1573 3946 dans
1589 3890 1621 3946 lc
1632 3888 1819 3947 bibliotheca
1836 3892 1881 3949 sc-

547 3980 696 4034 lectilsimc
722 3980 741 4034 l.
762 4000 786 4035 e.
807 3984 933 4059 appofita
956 3984 1013 4039 suit
1028 3986 1145 4058 sequens
1164 4001 1249 4039 nota:
1268 3984 1370 4038 E'ditio
1387 3985 1561 4058 perantiqua
1585 3984 1641 4037 sine
1666 3981 1758 4039 dubio
1773 3986 1880 4059 primes

547 4072 737 4146 perpulchra,
766 4076 811 4128 uti
830 4096 932 4131 revers
951 4076 1006 4141 est,
1031 4094 1058 4131 et
1080 4076 1221 4132 rarissimo
1240 4108 1274 4120 -
1296 4078 1553 4133 Clemenerotione
1567 4077 1657 4142 anni,
1682 4094 1742 4149 quo
1757 4077 1877 4151 prodi-it

544 4163 595 4219 hic
615 4165 710 4231 liber,
735 4167 884 4239 sequentia
903 4168 997 4223 refert.
1026 4173 1060 4230 Jc
1079 4191 1113 4224 ne
1131 4168 1217 4223 doute
1231 4188 1281 4243 pas
1299 4187 1355 4242 que
1375 4170 1508 4224 l'sidition
1531 4168 1566 4223 dc
1592 4168 1669 4225 Jecn
1687 4168 1876 4236 Gourmout,

546 4278 582 4311 ne
602 4259 658 4313 soit
677 4258 838 4314 ante'rieure
858 4261 875 4314 t
892 4261 963 4315 celle
990 4261 1025 4314 de
1051 4263 1130 4333 1544.
1161 4261 1228 4316 Elle
1245 4282 1265 4316 a
1279 4262 1346 4317 l'nir
1366 4262 1481 4319 d'avoir
1504 4282 1579 4339 paru
1603 4276 1694 4317 avant
1709 4260 1773 4317 l'an
1789 4262 1874 4317 1520.

545 4350 562 4402 ic
584 4370 619 4404 en
640 4354 724 4429 juger
740 4371 793 4425 par
810 4352 851 4407 les
875 4352 1040 4407 caractdres.
1072 4354 1113 4407 Ce
1131 4356 1206 4408 Jeun
1226 4356 1386 4410 Gourmonl
1405 4354 1570 4429 imprimoit
1595 4374 1632 4409 en
1648 4352 1718 4409 &sict
1736 4372 1775 4409 uu
1792 4372 1872 4409 com·

515 4444 519 4449 '
544 4460 724 4497 mencement
742 4444 931 4500 du'seizidme
950 4445 1044 4501 sidcle.
1069 4448 1144 4502 Jeon
1160 4446 1194 4500 de
1212 4448 1241 4501 la
1261 4450 1353 4503 Cailse
1369 4466 1443 4502 nous
1466 4446 1576 4522 eprend
1594 4445 1664 4502 dens
1682 4446 1735 4501 son
1747 4444 1870 4501 bisloirc

547 4532 581 4587 de
606 4534 810 4609 l'lmprimerie
827 4559 856 4613 p.
871 4536 916 4594 80.
936 4539 1009 4613 qu'il
1026 4541 1107 4594 avoir
1127 4538 1203 4595 deux
1221 4539 1328 4608 ireres,
1355 4541 1419 4597 l'un
1444 4538 1558 4595 nomme*
1576 4541 1684 4595 Robore
1705 4538 1868 4595 Gourmont

546 4627 599 4697 qui
617 4628 753 4701 imprimo
772 4627 836 4710 de'jc
861 4651 897 4685 en
923 4634 1003 4687 1502.
1030 4631 1064 4685 de
1085 4651 1155 4685 vero
1182 4630 1320 4688 beneficio
1348 4633 1498 4688 salvatoris
1523 4630 1591 4707 Jesu
1620 4631 1731 4707 christi·
1758 4632 1791 4687 in
1807 4626 1867 4689 sivo
1985 4654 1992 4665 ·

549 4716 621 4772 ibid.
640 4739 669 4794 p.
679 4741 724 4794 77.
742 4722 863 4777 L'autrc
880 4720 954 4777 srdre
972 4724 998 4777 se
1022 4725 1166 4779 nonrmoit
1186 4726 1276 4781 Gilses
1301 4726 1336 4780 de
1362 4726 1539 4789 Gourmcnt,
1565 4724 1671 4781 ilvint
1688 4726 1812 4781 &Puris
1831 4744 1868 4779 cn

545 4812 626 4887 ²⁵⁰7·
644 4829 671 4868 et
687 4814 732 4869 sut
748 4814 775 4870 le
791 4817 917 4893 premier
932 4819 981 4891 qui
998 4836 1019 4887 γ
1036 4817 1173 4892 imprimo
1185 4818 1227 4875 les
1243 4834 1357 4875 auteurs
1373 4838 1462 4893 grece.
1478 4818 1505 4873 Il
1520 4816 1621 4892 publia
1638 4816 1673 4871 dc
1690 4818 1866 4895 compcgnie
