4320 5700
677 614 917 682 cnracooos
944 608 1318 682 monooaaenrcos
1345 608 1480 665 novu.
1832 590 1875 668 δι

562 794 666 867 iusque
682 792 839 864 recensuit3
865 790 1000 846 omnibus
1023 805 1096 845 certe
1114 789 1241 846 eiusdem
1264 790 1401 865 temporis
1419 786 1596 844 editionibus
1625 786 1782 851 cracoviae
1798 786 1881 845 lactis

562 885 712 960 splendore
730 902 758 940 et
772 884 967 939 exactitudine
986 901 1045 938 non
1063 883 1146 938 cedit.

372 1055 432 1143 84.
448 1095 496 1110 -
513 1053 623 1127 M.·T.
652 1055 834 1126 Ciceronis
857 1051 903 1126 ad
919 1052 1141 1125 Herennium
1160 1031 1459 1125 Rhetoricorum
1481 1074 1686 1125 novorum.
1704 1091 1755 1106 -
1776 1050 1881 1124 Haec

277 1172 317 1246 in
341 1159 468 1246 fronte
493 1198 580 1245 cum
604 1171 731 1271 insign.
749 1171 882 1244 Polon.
900 1216 945 1229 -
972 1171 1036 1243 iol.
1063 1169 1148 1244 eod.
1174 1168 1335 1268 Epistola
1355 1167 1561 1267 Baphaelis
1584 1163 1700 1265 Regii
1721 1166 1881 1242 Antonio

276 1291 492 1363 Laurednno
509 1288 631 1390 equiti
649 1288 893 1387 inscripta-
911 1288 976 1361 fol.
992 1314 1025 1358 2.
1050 1287 1146 1361 liber
1164 1288 1311 1386 primus
1328 1329 1378 1342 --
1394 1285 1457 1358 fol.
1475 1285 1532 1357 53.
1557 1285 1619 1358 lin.
1646 1311 1700 1356 12.
1726 1283 1881 1386 impres-

275 1409 356 1481 sum
378 1410 579 1481 Cracovzire.
596 1407 711 1479 'Anno
728 1405 1003 1505 redemptionis
1025 1406 1129 1501 1507.
1155 1405 1195 1476 in
1214 1404 1342 1502 vigilia
1362 1402 1475 1476 sancti
1488 1399 1662 1474 'Laurent
1687 1402 1880 1501 Martyris.

273 1527 388 1601 Char.
406 1526 510 1625 goth.
529 1524 618 1624 spat.
636 1526 852 1600 interiectis.
871 1525 984 1599 litter.
1004 1522 1134 1596 initial.
1159 1539 1196 1596 et
1211 1523 1339 1621 Epigr.
1356 1520 1483 1619 grand.
1501 1520 1578 1593 foll.
1596 1522 1654 1596 53.
1676 1546 1758 1594 non
1774 1544 1880 1596 num.

275 1644 337 1718 lin.
356 1646 414 1719 28.
436 1650 471 1733 4:

464 1780 570 1839 Editio
586 1781 730 1852 Analystis
747 1783 916 1856 incognita:
939 1779 1064 1836 eiusdem
1080 1781 1166 1856 plano
1183 1777 1359 1846 venustatis,
1376 1782 1420 1851 uti
1438 1779 1614 1854 praecedens.

274 1991 304 2005 ·
368 1949 485 2023 85.-
499 1952 600 2024 Vitas
613 1951 759 2024 Petrum
773 1950 957 2024 hominum
968 1952 1125 2023 Lumen:
1136 1953 1210 2024 celi
1220 1953 1277 2023 νὶα
1295 1977 1391 2050 opus
1399 1951 1639 2048 praeclarum
1647 1946 1879 2025 beatiHiero-
1955 2040 1957 2043 Ι

272 2069 378 2166 nymi
391 2067 432 2141 in
445 2068 524 2143 vita
540 2070 578 2140 S.
595 2067 770 2141 Patrum:
791 2068 836 2141 de
854 2094 957 2142 novo
977 2085 1194 2143 correctum
1220 2086 1258 2143 et
1271 2067 1441 2142 amendis
1458 2068 1682 2165 castigatum.
1718 2068 1837 2164 Quod
1858 2068 1884 2140 sl

275 2184 359 2284 quis
376 2202 554 2287 peccator
569 2186 774 2286 compungi
791 2186 904 2260 corde
927 2187 1038 2272 velit,
1056 2187 1200 2262 intente
1216 2188 1332 2286 legat,
1359 2201 1398 2260 et
1412 2202 1577 2259 attentus
1593 2186 1689 2258 lecta
1704 2187 1886 2260 ruminet:

219 2394 222 2397 1
275 2302 374 2376 Nam
389 2301 536 2376 ferreus
554 2304 644 2391 erit,
665 2304 689 2375 ss
706 2304 798 2378 lletu
813 2331 880 2377 cor
895 2304 975 2378 eius
994 2331 1074 2378 non
1090 2304 1270 2378 moliatur
1286 2329 1428 2390 amaro,
1447 2303 1724 2402 melioremque
1740 2303 1832 2377 velit
1847 2317 1885 2377 et

272 2419 460 2494 summere
478 2420 777 2496 vitam-Haec
787 2423 826 2496 in
837 2423 962 2496 fronte
975 2450 1063 2496 cum
1082 2449 1135 2494 12.
1152 2421 1324 2495 iconibus
1338 2421 1427 2495 min.
1448 2437 1486 2496 et
1503 2447 1581 2494 uno
1599 2421 1734 2517 majori
1753 2420 1792 2494 in
1803 2447 1884 2495 me·

276 2537 339 2610 dio
357 2554 400 2610 et·
411 2537 561 2612 duobus
571 2538 732 2613 distichis
747 2568 769 2613 a
784 2541 901 2614 latere
911 2582 959 2597 -
972 2538 1142 2641 sequitur
1158 2539 1420 2634 tabula-fol.
1431 2566 1458 2611 1.
1468 2539 1652 2638 prologus
1662 2581 1711 2596 -
1723 2538 1787 2611 fol.
1805 2545 1884 2638 194.

173 2708 177 2712 -
234 2747 238 2753 ῃ
276 2653 340 2743 lin.
357 2655 415 2727 23.
432 2655 636 2729 Beatillimi
651 2659 868 2758 Hieronymi
885 2657 1094 2732 Cardinalis
1110 2658 1326 2758 presbyteri
1341 2658 1486 2731 sanctae
1501 2644 1683 2731 romanae
1700 2656 1885 2730 Ecclesiae

244 2758 266 2785 ¹*
278 2770 486 2844 catholicae
502 2771 670 2846 doctoris
688 2775 871 2874 precipue
892 2774 1082 2875 librisqui
1100 2775 1195 2848 vitas
1211 2791 1366 2875 patrum
1386 2772 1662 2860 inscribuntur,
1682 2773 1884 2872 diligenter

278 2887 522 2975 examinans,
541 2889 789 2992 vigilantique
805 2892 924 2966 studio
943 2892 1169 2979 emendatis,
1198 2909 1312 2993 atque
1336 2918 1407 2992 per
1423 2889 1586 2991 punctos
1607 2905 1645 2963 et
1660 2908 1810 2966 comata
1827 2891 1882 2964 di-

216 3072 218 3077 ,
276 3006 414 3080 stinctis
429 3034 556 3107 nuper
573 3008 793 3108 imprellum
808 3053 859 3067 -
877 3052 918 3068 -
934 3055 986 3068 —
1001 3037 1071 3111 per
1086 3010 1284 3085 honestum
1293 3011 1421 3086 virum
1438 3011 1573 3081 Iannot
1587 3007 1632 3081 de
1647 3009 1791 3112 Campis
1800 3009 1882 3117 An·

272 3151 323 3198 no
340 3128 491 3198 nostrae
505 3124 631 3200 salutis
648 3128 943 3203 MCCCCCVII.
971 3129 1030 3203 die
1058 3155 1151 3202 vero
1178 3127 1313 3202 xxqu
1332 3128 1466 3202 menfis
1482 3125 1718 3200 Decembris.
1744 3126 1881 3226 lnfigni

276 3241 507 3341 typographi
527 3269 615 3316 cum
632 3243 894 3350 inscriptione:
923 3241 1029 3320 C‘est
1049 3262 1134 3318 tout
1152 3272 1244 3319 mon
1259 3244 1392 3346 plaillr.
1416 3245 1480 3319 fol.
1503 3249 1580 3342 194.
1603 3244 1639 3318 b.
1662 3238 1757 3317 aliae
1778 3271 1812 3317 2.
1840 3245 1883 3318 fi-

276 3382 392 3456 gurae
409 3383 497 3431 cum
512 3358 784 3457 inscriptione:
809 3378 1004 3436 memento
1030 3361 1124 3435 finis.
1152 3363 1264 3437 Char.
1291 3363 1395 3461 goth.
1421 3361 1574 3435 minulc.
1599 3362 1813 3461 permultae
1837 3362 1880 3434 fi-

276 3499 392 3571 gurae
408 3476 528 3550 lineae
546 3475 707 3550 initiales
725 3478 854 3574 grand.
872 3463 950 3552 foll.
965 3486 1043 3578 194.
1063 3469 1209 3553 numen
1233 3474 1298 3554 lin.
1315 3481 1372 3553 56.
1389 3486 1423 3568 4.

469 3615 668 3672 Verifimilitcr
685 3615 741 3671 hoc
758 3636 829 3691 opus
846 3617 973 3692 Parisiis
991 3619 1153 3694 imprell'um
1170 3619 1242 3674 luit:
1262 3621 1365 3675 Janott
1384 3617 1418 3673 de
1440 3620 1557 3694 Campis
1580 3619 1678 3674 [altem
1696 3620 1772 3675 inter
1797 3622 1881 3694 igno·

564 3722 608 3762 toa
624 3724 742 3783 apparet
760 3709 959 3787 typographos
976 3725 1086 3767 etcum
1102 3710 1215 3769 Joonne
1232 3711 1267 3766 de
1285 3713 1384 3767 Pratis
1402 3710 1587 3800 typographo
1609 3712 1751 3767 Parifienfi
1767 3729 1827 3766 non
1845 3710 1883 3766 est

565 3800 791 3859 confundendus.

374 3969 433 4042 86.
451 4009 500 4028 -
516 3970 743 4045 Harmoniae
760 3936 1035 4046 Petrir'ntomt·
1049 3974 1159 4074 super
1174 3973 1256 4047 odis
1266 3974 1598 4070 HoratiiFlacci-
1608 3971 1881 4046 adLectorem.

280 4085 450 4160 Candide
461 4088 602 4162 Lector
618 4090 847 4166 Harmonias
864 4109 949 4166 ante
970 4089 1161 4192 impressas
1181 4090 1253 4167 five
1271 4092 1365 4165 vitio
1383 4078 1609 4189 exemplaris
1624 4088 1689 4162 seu
1705 4090 1777 4164 alia
1790 4119 1881 4192 qua-

276 4202 369 4276 dam
397 4202 543 4277 incuria
566 4205 787 4304 depravatas
810 4231 912 4282 nunc
938 4209 1103 4308 integras
1128 4209 1300 4310 accipies.
1328 4255 1374 4270 -
1404 4210 1508 4283 Haec
1532 4207 1571 4280 in
1594 4206 1721 4282 fronte
1747 4251 1793 4267 -
1818 4210 1882 4284 fol.

279 4319 417 4396 eodem
432 4320 729 4397 Harmoniae-
749 4325 812 4399 sol.
826 4354 882 4402 22.
905 4327 968 4403 lin.
991 4356 1044 4400 11.
1069 4327 1193 4401 denuo
1213 4325 1408 4428 imprellae
1431 4352 1502 4428 per
1522 4326 1728 4419 Erhardum
1753 4329 1881 4427 Veglin

278 4437 463 4537 Augustae
477 4438 644 4522 MDVll.
668 4442 841 4519 viceslma
856 4444 1021 4521 secunda
1039 4445 1099 4521 dic
1115 4448 1313 4544 Augustae.
1340 4473 1428 4520 cum
1455 4433 1556 4546 signo
1583 4461 1735 4546 typogr.
1765 4449 1804 4521 E.
1831 4447 1878 4520 O.

277 4585 302 4631 a
317 4559 433 4633 latere
449 4557 594 4633 dextro.
615 4560 725 4635 Char.
742 4590 840 4637 rom.
857 4563 996 4666 splend.
1016 4565 1092 4639 foll.
1105 4592 1163 4639 22.
1182 4564 1244 4639 lin.
1264 4564 1465 4666 penultimi
1482 4564 1545 4639 fol.
1564 4565 1621 4638 23.
1636 4571 1671 4670 4.

471 4695 575 4774 Zapfii
589 4701 694 4762 Aonal.
715 4705 846 4781 Typogr.
864 4724 894 4782 p.
909 4706 954 4764 52.
979 4707 1104 4774 mirum,
1122 4704 1201 4782 quod
1213 4707 1380 4766 Pensatum
1391 4706 1464 4765 liaeo
1480 4704 1570 4764 editio
1586 4703 1702 4779 fugerit.
