4320 5700
280 587 346 659 132
615 598 864 675 xcarinatas
903 594 1279 663 tnnocaarmcos
1304 563 1494 662 nnxxnr.

190 774 205 811 ⁴
286 786 456 881 terprete
466 778 554 853 libri
565 780 628 855 111.
638 781 865 882 —EJitsdem
880 782 1104 858 Rhetorices
1125 784 1170 858 ad
1189 776 1441 857 Alexandrum
1455 785 1477 855 5
1493 782 1630 855 Franci
1641 807 1684 855 eo
1699 778 1901 886 Philelpleo

287 899 327 971 in
345 899 506 972 latinum
524 899 655 974 versae
673 899 778 975 liber.
795 940 845 960 -·
862 896 1104 1000 Pernplrrasrlt
1123 900 1352 976 Rhetoricae
1366 902 1606 999 Hermogenis
1621 891 1904 976 erHilnrionis

284 1018 464 1120 monachi
490 1019 718 1103 Veronense
746 1018 995 1094 traductione.
1017 1062 1068 1078 -
1096 999 1304 1116 Priscianus
1319 1018 1603 1094 deRhetoricee
1621 1021 1904 1119 praeexercita-

289 1136 429 1210 mentis
461 1163 507 1210 ex
522 1128 751 1235 Hermogene
771 1178 822 1196 -
847 1137 1059 1238 Aphthonii
1075 1136 1337 1212 declamatorie
1356 1136 1549 1212 rhetorica
1568 1138 1906 1236 progymnasmata

292 1255 344 1327 Io.
365 1255 488 1327 Maria
513 1255 698 1327 Catenaeo
718 1256 956 1328 translatore.
979 1300 1023 1314 —
1044 1256 1149 1329 Haec
1176 1257 1216 1328 in
1241 1256 1372 1333 fronte
1387 1295 1437 1314 -·
1453 1251 1640 1356 Sequitur
1655 1254 1822 1355 Epistola
1842 1257 1904 1329 Ia-

286 1370 370 1445 cobi
388 1372 545 1444 Terrelli
557 1370 604 1444 ad
622 1371 796 1443 Thomnm
809 1371 1113 1470 Diplovatatium
1132 1372 1375 1448 etc-index
1393 1374 1457 1447 101.
1474 1373 1551 1446 353.
1574 1372 1761 1446 Veneriis
1750 1400 1792 1446 m
1804 1374 1906 1449 aedi·

287 1489 358 1563 bus
374 1489 469 1562 Aldi
480 1505 518 1562 et
540 1488 709 1562 Andreae
725 1486 887 1581 Asulont
899 1488 1015 1564 soceri
1033 1490 1142 1565 mens
1139 1520 1158 1566 e
1175 1490 1319 1593 Aprilis
1334 1492 1388 1565 M.
1395 1491 1443 1565 D.
1454 1489 1559 1565 Xlll.
1576 1488 1706 1590 insign
1723 1491 1898 1593 Typogr.
1991 1548 1994 1558 .

297 1606 454 1681 ΑΙᾶιῖΕ
480 1605 591 1679 Char
613 1606 673 1679 lat.
697 1605 772 1679 1011
798 1600 876 1680 353.
899 1606 961 1681 lin.
979 1609 1075 1699 541.
1173 1672 1176 1677 .
1270 1670 1274 1677 .

478 1725 606 1780 remen·
621 1724 725 1781 Anna.
746 1724 877 1802 rypoga
895 1721 970 1783 ne.
989 1721 1093 1802 p..478
1113 1726 1150 1781 n.
1163 1745 1241 1800 1177.
1262 1724 1364 1782 nette.
1383 1723 1483 1783 nar.
1502 1724 1605 1802 4.,430.

962 1896 1233 1971 nnxmv
1300 1904 1409 1989 .'

384 2040 468 2123 430,
487 2072 533 2093 ·-
554 2034 589 2106 S.
608 2031 776 2134 Prosperi
790 2030 1007 2134 Presbyteri
1028 2033 1246 2136 Aquitanici
1267 2021 1444 2108 ad'versus
1468 2032 1644 2108 inimicos
1671 2033 1818 2134 gratiae
1837 2032 1900 2109 dei

289 2153 462 2238 libellus,
482 2152 521 2224 in
547 2178 624 2252 quo
648 2167 686 2226 et
700 2150 747 2224 de
760 2153 900 2250 gratia,
921 2170 960 2227 et
982 2153 1110 2227 libero·
1121 2151 1281 2225 arbitrio
1296 2138 1480 2226 sententia
1505 2149 1584 2250 divi
1603 2153 1758 2226 Aurelii
1778 2157 1903 2251 Aegu-

281 2268 387 2366 stini
399 2268 624 2344 defenditur.
648 2312 693 2325 —
712 2269 876 2368 Epistola
896 2270 1045 2343 Aurelii
1064 2270 1363 2366 Carthaginensi&
1389 2268 1554 2370 episcopi
1578 2284 1714 2345 contra
1736 2268 1906 2369 Pelagia-

292 2414 375 2462 nos.
397 2388 721 2463 -Romanorum
749 2386 975 2485 pontificum
1004 2386 1214 2461 authoritas
1240 2386 1286 2461 de
1313 2389 1432 2484 gratia
1454 2388 1528 2460 Dei
1550 2414 1629 2486 -pro
1650 2385 1823 2488 Prefirero
1846 2386 1912 2461 ad·

290 2505 417 2580 versus
436 2501 668 2601 Pelagianos.
690 2547 732 2560 -
751 2502 963 2601 Mogunn'ne
980 2530 1069 2576 cum
1088 2503 1293 2602 Privilegio
1312 2503 1511 2603 imperiali.
1527 2547 1576 2561 -
1594 2505 1699 2579 Haec
1719 2504 1759 2579 in
1778 2506 1909 2580 sronte

292 2622 411 2696 limbo
431 2635 566 2694 ornata
586 2660 637 2676 -
651 2618 714 2692 101.
733 2619 790 2693 52.
810 2618 873 2693 lin.
900 2649 927 2694 1.
946 2618 1101 2695 exulum
1118 2620 1358 2720 Mognnn‘ne
1349 2648 1388 2694 m
1404 2621 1561 2696 aedibus
1580 2621 1745 2696 Ioannis·
1751 2621 1910 2721 Schnes-

279 2738 465 2840 fermens
461 2767 481 2813 e
497 2736 720 2839 septembris
736 2739 850 2812 Anno
870 2739 922 2812 M
932 2739 980 2812 D
991 2739 1138 2865 XXIV
1157 2739 1269 2813 Char.
1287 2740 1348 2813 lat.
1364 2739 1499 2839 glossae
1516 2767 1634 2841 marg.
1650 2738 1728 2815 soll.
1745 2742 1805 2815 52.
1823 2768 1908 2815 non

298 2858 383 2961 slgn
407 2858 469 2933 lin.
489 2885 532 2954 27
539 2862 592 2946 .4.

483 2885 612 3032 Platori
629 2972 734 3028 Annal.
753 2973 888 3048 Typo'gr.
906 2974 941 3028 Τ.
960 2997 986 3049 7
1007 2996 1034 3050 p.
1054 2975 1117 3050 416.
1138 2976 1176 3031 N.
1193 2994 1238 3051 70.
1256 2977 1327 3031 Ma
1327 2989 1359 3032 33
1379 2977 1419 3031 T.
1430 2992 1456 3032 3.
1475 2920 1579 3055 p636.
1600 2976 1775 3034 adnotitiat
1794 2976 1913 3035 Biblio-

576 3067 731 3143 graphicat
751 3082 827 3121 certo
845 3066 947 3121 3010331
974 3067 1065 3142 potest
1087 3062 1207 3143 epistola
1234 3069 1319 3124 Ioan.
1349 3069 1497 3144 Sclmeseri
1521 3069 1710 3146 calcographi
1728 3070 1910 3147 Moguntiui

577 3160 628 3214 101.
641 3161 685 3214 51.
694 3159 721 3215 b.
734 3160 899 3235 appositas
891 3179 922 3215 m
938 3178 996 3234 qua
1007 3161 1152 3234 equentta
1162 3160 1317 3236 leguntur
1309 3180 1389 3236 ego
1399 3180 1528 3235 quoque,
1545 3182 1609 3220 nea
1626 3176 1758 3219 materno
1767 3181 1829 3220 avo
1847 3184 1914 3223 meo

576 3252 687 3308 Ioanne
705 3253 818 3326 Faust,
850 3268 878 3307 et
898 3252 1039 3309 carissimo
1059 3253 1135 3309 mihi
1154 3270 1236 3330 patre
1253 3255 1337 3309 Petro
1358 3255 1521 3328 Schoeffer,
1542 3253 1861 3347 Mogontiueulihus
1836 3258 1913 3312 orvi·

574 3344 645 3408 533,
665 3344 883 3418 degenerarem;
910 3347 962 3418 qui
980 3346 1238 3422 chalcographicen
1256 3348 1347 3422 primi
1362 3349 1492 3402 omniurn
1524 3348 1555 3403 in
1582 3336 1638 3403 liae
1655 3345 1727 3403 urbe
1744 3361 1773 3403 et
1796 3350 1913 3404 inverte·

578 3456 612 3490 ru
615 3449 656 3501 nt,
676 3436 725 3504 (de
744 3438 788 3490 Gn
771 3439 946 3511 rerttenbegro
963 3459 1015 3493 nec
1033 3439 1143 3508 syllaba
1168 3456 1345 3496 mentionem
1359 3438 1484 3512 iaciunt)
1498 3455 1528 3494 et
1542 3453 1831 3506 exerciteruntmou
1848 3456 1911 3495 tam
1959 3445 1962 3449 '

581 3527 739 3583 ciommotls
766 3528 846 3596 luis,
868 3548 954 3601 quam
980 3530 1113 3615 publicae
1138 3531 1261 3585 utilitati
1279 3530 1476 3600 consulentes,
1503 3549 1558 3607 pto
1582 3531 1668 3590 virili
1693 3522 1776 3607 pirte
1794 3530 1912 3608 semper

580 3619 751 3686 0131303331,
764 3636 797 3675 ut
816 3641 879 3676 eam
896 3638 1007 3689 artem,
1032 3622 1129 3696 quoad
1144 3623 1268 3698 possem,
1292 3622 1499 3699 proveherem,
1520 3639 1548 3679 et
1566 3614 1751 3680 vaustimma
1775 3642 1915 3699 quaeque

555 3736 557 3741 ·
583 3713 762 3787 exemplaria
778 3732 814 3768 ex
830 3714 1040 3789 pulverulentis
1056 3714 1244 3772 bibliothecis
1259 3736 1405 3783 eruerem,
1422 3715 1607 3793 legendaque
1622 3714 1794 3773 volentibus
1814 3716 1914 3774 03301-

584 3804 671 3861 licina
687 3826 751 3862 mea
769 3809 938 3864 emitterem.
958 3808 991 3862 Id
1009 3809 1139 3882 quadiu
1156 3809 1212 3866 1300
1227 3810 1366 3885 opusculo
1383 3810 1476 3865 saneti
1493 3809 1631 3887 Prosperi
1648 3826 1686 3864 ex
1704 3809 1910 3884 antiquissimo

583 3901 742 3977 exemplari
760 3901 900 3978 descripto
918 3902 1011 3959 secere
1031 3902 1143 3969 studui,
1168 3922 1251 3978 quem
1271 3905 1289 3956 13
1311 3902 1446 3976 placuisse
1469 3901 1629 3979 legentibus
1645 3901 1776 3971 sensero,
1797 3904 1914 3961 enimn-

461 4000 467 4014 ‘
581 3995 636 4050 bor
655 3994 769 4051 adalia
788 3997 856 4050 item
876 3995 1069 4070 perquirenda
1092 3996 1184 4050 multo
1206 3993 1253 4050 vel
1272 3995 1413 4060 meliora,
1430 3994 1479 4051 vel
1494 3996 1626 4062 rariora,
1644 3996 1801 4071 praecipue
1816 4014 1916 4063 reto,

584 4110 657 4163 quae
675 4089 815 4163 religioni
833 4088 1011 4144 Christianae
1024 4090 1168 4164 imprimit
1186 4087 1337 4175 necessaria
1355 4087 1408 4142 ello
1425 4102 1577 4162 putavero.
1595 4090 1708 4143 Datum
1731 4088 1915 4165 Mogentiee

587 4185 682 4239 Nonis
700 4181 841 4257 Septemb.
860 4184 944 4236 Anno
962 4185 999 4237 D.
1011 4184 1055 4242 M.
1067 4182 1177 4240 XXIV.
1253 4203 1260 4215 ·

399 4348 481 4427 433.
493 4378 539 4396 ··-
551 4339 597 4410 ln
614 4321 813 4438 Eprslolnm
833 4337 987 4410 loannis
1009 4335 1176 4436 Apostoli
1190 4333 1415 4408 catholicam
1432 4334 1609 4436 primum,
1627 4334 1785 4431 ,loannis
1798 4332 1910 4407 Oeco

302 4457 484 4560 lampadii
503 4455 761 4555 demogoriae,
791 4456 863 4529 hoc
884 4458 951 4541 eil,
965 4454 1143 4527 5033313130
1160 4477 1243 4525 una
1264 4468 1302 4524 et
1329 4451 1419 4528 XX.
1439 4496 1482 4511 -—
1498 4450 1686 4551 basileae
1705 4449 1914 4553 0033313133-

299 4574 421 4656 drenm
446 4576 691 4650 Crotnndmm.
710 4575 781 4648 An.
801 4573 911 4647 MD.
924 4573 1088 4645 XXllll.
1102 4566 1542 4651 menseluniu-Haec
1555 4573 1597 4651 iu
1610 4572 1812 4649 13033303-
1826 4568 1907 4647 soll.

303 4727 361 4800 99.
383 4697 418 4772 b.
436 4695 499 4770 lin.
524 4722 536 4767 r
544 4721 576 4793 9.
592 4692 687 4787 sinis.
710 4692 820 4765 Char.
839 4693 917 4764 latt.
936 4690 1012 4763 soll.
1031 4716 1087 4786 99.
1106 4688 1192 4784 sign.
1212 4685 1275 4761 lin.
1292 4689 1349 4767 26.
1366 4691 1400 4765 8.

493 4814 622 4870 303303
638 4811 740 4869 uma
757 4812 890 4885 typogr.
912 4809 946 4864 3.
959 4807 985 4865 6.
1007 4819 1107 4880 4347.
1129 4805 1239 4863 nete.
