4358 5694
675 585 916 649 CATALOGUS
942 583 1318 665 atauoottartttcus
1343 583 1565 644 ttnxxxtn.
1861 573 1922 645 tsit

610 769 704 840 N.3a.
725 767 815 824 editio
833 769 918 823 tertia
941 765 1104 834 rariffuna,
1122 781 1222 842 utpote
1247 778 1376 821 cuneata
1401 763 1438 820 ad
1455 779 1584 821 tenorem
1610 763 1874 840 Manulariptorum
1899 783 1929 824 et

606 861 735 936 quinque
749 861 860 917 ultimis
877 859 961 916 libris
979 864 1072 915 aucta.

414 1034 495 1106 522.
514 1058 549 1105 a.
565 1005 872 1130 -‘Hor0scoprbn
890 1029 1034 1130 Apuani
1044 1027 1218 1126 generale
1242 1025 1501 1125 dignoscendis
1520 1030 1638 1112 Horis
1656 1031 1925 1136 cuiuscumque

319 1150 469 1252 generis
486 1148 733 1250 aptillimum,
749 1174 836 1249 neq.
856 1147 894 1221 id
916 1173 963 1221 ex
985 1147 1058 1220 sole
1077 1161 1227 1220 tantum
1244 1146 1429 1234 interdiu,
1464 1146 1527 1222 sed
1544 1165 1582 1223 et
1607 1168 1725 1226 noctu
1750 1180 1796 1226 ex
1816 1153 1926 1242 luna,

321 1269 479 1370 aliisque
503 1267 666 1367 planetis
694 1281 733 1342 et
754 1264 864 1340 stellis
882 1262 1111 1366 quibusdam
1132 1263 1236 1351 fixio,
1267 1289 1344 1364 quo
1362 1292 1432 1365 per
1449 1266 1669 1342 universum
1696 1269 1928 1348 rhomanum

317 1384 524 1487 imperium
542 1401 656 1488 atque
674 1384 769 1458 adeo
791 1381 915 1456 ubivis
936 1380 1107 1480 gentium
1126 1381 1183 1455 uti
1205 1409 1339 1481 queas,
1364 1383 1538 1480 adjuncta
1558 1387 1728 1474 ratione,
1747 1417 1822 1490 qua
1841 1408 1923 1466 uta·
1978 1467 1985 1475 ,

317 1504 391 1594 ris,
411 1503 710 1607 expe'ditillima,
728 1529 831 1582 nunc
853 1499 898 1575 ab
917 1499 982 1572 illo
997 1499 1168 1599 primum
1190 1517 1228 1573 et
1249 1499 1449 1574 inventum
1469 1517 1507 1576 et
1527 1501 1682 1579 editum.
1699 1550 1749 1599 ··.·

411 1622 483 1697 His
497 1621 643 1697 accedit
662 1618 941 1705 distantiarum,
970 1616 1232 1706 altitudinum,
1257 1635 1296 1693 et
1313 1618 1619 1716 profunditatum
1636 1651 1707 1724 per
1730 1625 1833 1701 idem
1849 1628 1925 1703 hoc

314 1740 607 1817 instrumentum
625 1736 947 1813 dimetiendarum
964 1735 1063 1810 ratio
1081 1736 1193 1836 longe
1214 1735 1484 1812 accuratissima
1508 1755 1546 1815 et
1563 1739 1763 1841 ingeniosa.
1785 1728 1928 1822 Simili-

275 1889 290 1898 ‘
315 1876 375 1935 ter
391 1859 562 1961 inquam
580 1855 821 1932 altitudinem
843 1881 942 1955 aqua
965 1854 1189 1929 naturaliter
1211 1855 1305 1928 citra
1322 1883 1436 1932 omne
1456 1857 1548 1932 artis
1565 1858 1805 1952 beneficium,
1823 1865 1928 1942 dein-

316 1977 363 2053 de
378 1995 522 2080 quanto
538 1974 733 2051 sublimius
750 1971 976 2070 scaturigine
994 1970 1058 2046 sua
1075 1971 1305 2047 adminiculo
1324 1974 1414 2049 artis
1425 2003 1496 2075 per
1505 1978 1678 2052 cannales
1698 1979 1832 2057 deduci
1842 1984 1928 2086 pos·

315 2096 367 2173 fit.
379 2099 636 2170 -Nocturna
649 2119 765 2194 quoq.
783 2091 928 2165 adnexa
944 2094 992 2165 est
1009 2088 1223 2165 observatio
1242 2091 1396 2166 horaria
1408 2109 1445 2166 et
1463 2092 1590 2191 digitis
1608 2121 1802 2185 manuum,
1822 2104 1927 2199 prio·

313 2214 348 2289 ri
368 2215 433 2288 illa
454 2240 554 2314 quae
579 2208 764 2311 superiori
792 2231 890 2284 anno
916 2233 1105 2282 unacum
1133 2206 1344 2309 quadrante
1366 2209 1466 2285 edita
1484 2214 1561 2297 aa,
1599 2227 1682 2286 tum
1708 2220 1929 2317 promptior

313 2348 401 2418 tum
415 2330 641 2431 expeditior.
668 2370 719 2385 —
743 2328 847 2402 Haec
872 2324 912 2400 in
929 2327 1068 2428 fronte.
1089 2353 1177 2399 cum
1194 2327 1321 2401 tabula
1342 2327 1487 2403 zodiaci
1515 2330 1775 2409 meridionalia
1794 2378 1844 2395 -
1863 2338 1926 2414 sol.

314 2449 399 2526 eod.
433 2447 559 2549 privil.
588 2446 804 2522 caesareum
835 2486 885 2503 -
913 2443 976 2517 sol.
1005 2471 1040 2517 a.
1068 2443 1232 2544 Epistola
1253 2444 1356 2518 Petri
1374 2448 1520 2547 Apuani
1542 2447 1590 2522 ad
1620 2451 1803 2525 Mathr'am
1825 2457 1927 2530 Held

316 2568 462 2643 Caesar.
477 2565 600 2641 Vice-
612 2563 891 2638 Cancellarium
915 2607 960 2620 -
980 2560 1028 2636 ad
1048 2562 1165 2635 finem
1182 2563 1245 2635 sol.
1265 2591 1322 2636 21.
1341 2563 1404 2636 lin.
1420 2565 1478 2640 30.
1507 2566 1685 2643 excusum
1708 2571 1931 2671 Ingolstada'i

266 2706 280 2727 ¹·
313 2686 432 2763 Anno
448 2708 546 2760 eurr.
572 2683 673 2760 1533.
694 2685 717 2756 l.
736 2682 815 2756 soll.
831 2709 888 2758 21.
906 2680 970 2756 lin.
989 2682 1045 2754 50.
1067 2679 1130 2753 sol.
1155 2708 1182 2756 t.
1198 2681 1232 2754 b.
1252 2708 1341 2755 cum
1359 2682 1465 2782 figur.
1491 2684 1514 2758 s.

505 2841 637 2904 Panaeti
652 2843 761 2906 Annal.
778 2844 912 2920 Typogr.
929 2842 964 2897 T.
975 2863 1003 2917 7.
1022 2809 1129 2918 p.130.'
1141 2842 1180 2897 N.
1195 2842 1241 2897 32.

409 3037 493 3112 522.
501 3033 595 3109 b.-·
610 3035 796 3136 Speculum
807 3032 977 3133 lapidum
993 3031 1178 3107 clarissimi
1190 3032 1330 3107 artium
1339 3034 1595 3110 etmedicinae
1605 3038 1777 3116 doctoris
1790 3044 1927 3121 Camil-

311 3154 786 3253 llLeonardiPasaurensis
808 3193 860 3210 -
888 3151 1073 3252 Sequitur
1102 3153 1256 3237 Valerii,
1288 3152 1478 3251 Superchii
1501 3151 1725 3256 Pisaurense&
1756 3163 1923 3264 phyfici,

312 3272 557 3373 epigrammaz
595 3271 780 3369 Augustae
807 3271 1070 3343 Va'ndelz'corum
1087 3268 1298 3344 excudebat
1312 3270 1492 3345 Henra‘cus
1510 3275 1663 3349 Sa'la'caus
1683 3279 1922 3384 menseMajo

311 3392 426 3466 Anno
445 3392 498 3463 Μ.
509 3390 557 3464 D.
568 3389 755 3463 XXXlll.
774 3428 823 3446 -
838 3387 997 3462 Haecin
1016 3386 1142 3461 fronte
1164 3430 1210 3444 -
1237 3387 1302 3460 sol.
1326 3388 1410 3463 eod.
1432 3388 1466 3463 b.
1494 3392 1658 3496 Epistola
1681 3401 1848 3476 auctoris
1874 3405 1920 3478 ad

306 3509 525 3610 principem
554 3504 741 3604 Caesarem
758 3507 949 3606 Borgzam.
969 3548 1019 3564 ·-
1041 3505 1105 3580 fol.
1131 3533 1159 3580 1.
1181 3505 1266 3605 sign.
1292 3532 1389 3606 opus
1415 3507 1547 3609 ipsum.
1564 3554 1614 3570 —
1635 3513 1700 3588 sol.
1719 3519 1777 3615 67.
1797 3520 1831 3593 b.
1858 3522 1923 3597 lin.

306 3627 365 3702 32.
393 3626 440 3701 de
469 3625 634 3701 dracone
661 3651 802 3726 quaere
831 3623 946 3724 supra
966 3626 1030 3699 sol.
1049 3626 1107 3699 26.
1135 3625 1231 3699 finis.
1251 3667 1300 3682 -
1323 3625 1387 3700 sol.
1410 3628 1467 3701 68.
1492 3655 1571 3704 non
1598 3631 1684 3732 fign.
1713 3639 1925 3714 excudebat

307 3745 488 3820 Hearicus
508 3746 662 3818 Silt'ceus
679 3741 808 3818 Mense
827 3744 951 3831 Maia,
979 3743 1068 3819 anni
1097 3744 1151 3816 M.
1168 3743 1413 3818 D.XXXlll.
1436 3744 1548 3823 Char.
1576 3750 1636 3825 lat.
1661 3752 1736 3826 foll.
1757 3756 1814 3850 67.
1836 3755 1921 3856 fign.

317 3889 373 3962 72·
395 3863 435 3938 in
451 3877 534 3937 toto
555 3862 619 3936 lin.
640 3862 698 3936 33.
718 3867 751 3950 4.
1091 3909 1111 3950 ,

500 4024 629 4081 Panaeti
643 4021 749 4079 Annul.
769 4022 902 4098 Typogr.
923 4021 958 4075 T.
973 4016 1001 4075 6.
1021 4017 1125 4094 p.169.
1145 4017 1183 4073 N.
1196 4016 1260 4073 256.

903 4231 1050 4335 Absque
1069 4230 1204 4304 titdz'cti)
1226 4232 1327 4309 Loci.

403 4394 487 4471 523.
511 4433 563 4456 -
588 4393 804 4496 Phocylida's
819 4390 955 4467 Poetae
980 4390 1081 4494 apud
1101 4389 1556 4495 Graecoa‘Sapientissimi
1575 4395 1784 4504 Praecepta
1813 4423 1851 4480 et
1873 4411 1921 4484 ad

308 4540 435 4614 morea
457 4529 497 4590 et
515 4514 562 4590 ad
580 4514 699 4590 vitam
720 4512 983 4587 instituendam
999 4509 1164 4585 maxime
1180 4510 1390 4587 nedeslaria.
1407 4557 1455 4572 -
1477 4514 1717 4618 Gualphango
1739 4524 1919 4598 Anemae-

307 4637 363 4710 clo
374 4637 599 4735 Interprete.
612 4678 665 4693 -
685 4637 780 4707 ltem
797 4660 911 4707 aurea
928 4629 1114 4719 carmina,
1140 4657 1237 4731 quae
1258 4630 1453 4706 Philolaus
1468 4661 1514 4708 ex
1530 4639 1665 4729 mediis
1685 4641 1918 4739 Pythagorae

307 4752 522 4854 praeceptis
542 4751 713 4854 collegit,
731 4750 867 4827 eodem
891 4749 1120 4851 interprete,
1149 4776 1238 4824 cum
1260 4751 1375 4826 variis
1396 4752 1700 4853 Epigrammatis.
1720 4801 1762 4815 -
1784 4759 1918 4836 fol.16.

362 4891 452 4968 Voll.
472 4891 524 4968 ll.
1593 4893 1631 4963 X
