4372 5716
287 591 331 663 so·
516 700 519 705 θ
691 613 1332 675 caranoousnrm1oonsrn1cus
1359 616 1480 677 unu.

377 784 492 895 665
506 789 644 862 Statum
674 790 880 887 Dioccfana
910 795 1220 870 Reverendissimi
1241 796 1282 869 in
1300 797 1381 870 Xto
1403 795 1526 872 Patris
1543 812 1581 871 et
1599 797 1746 870 domini
1766 798 1894 875 domi-

285 901 323 980 ni
343 901 499 988 Henn'n‘
513 911 687 1009 Episcopi
704 911 939 1008 Augustensls
959 913 999 985 in
1015 906 1269 988 celebratione
1284 914 1425 988 Sinodi'
1440 915 1597 988 crastino
1621 916 1767 991 sarsctae
1790 920 1897 993 Mar-

282 1035 470 1137 garctlzae.
497 1029 600 1102 Anni
622 1028 782 1101 Domini
798 1029 973 1103 Mileslmi
993 1029 1279 1128 quingentesimi
1298 1036 1364 1106 Vl.
1376 1032 1626 1132 publicata-
1642 1035 1896 1135 cuminslgni-

283 1156 354 1229 bus
374 1149 618 1249 Episcopatus
646 1145 835 1243 augustani
857 1147 897 1219 in
926 1146 1052 1219 fronte
1070 1190 1120 1206 -
1145 1149 1207 1221 fol.
1230 1149 1312 1223 eod.
1344 1149 1540 1247 registrum
1567 1150 1677 1249 super
1705 1155 1824 1227 statut.
1842 1195 1898 1210 -

287 1273 350 1346 sol.
379 1269 430 1341 13.
449 1265 512 1338 lin.
532 1266 589 1362 39.
608 1264 746 1336 finiunt
765 1267 896 1336 statuta
918 1263 1133 1361 dioecesana
1154 1266 1199 1340 de
1221 1267 1398 1342 mandato
1422 1267 1597 1365 prelibati
1616 1269 1895 1344 Reverendisli-

281 1391 334 1464 mi
357 1383 544 1483 Principis
576 1397 614 1455 et
630 1382 745 1454 Dom.
771 1380 931 1453 Domini
957 1383 1113 1454 Hanrzcz'
1133 1383 1286 1481 presidis
1309 1388 1461 1483 August.
1500 1383 1697 1481 dignissimi
1727 1413 1799 1486 per
1820 1389 1895 1460 Er-

289 1507 442 1580 tardum
463 1501 613 1573 ltatdott
637 1495 821 1596 Augustae
853 1498 1041 1598 impressa:
1069 1499 1183 1573 Anno
1208 1501 1367 1599 Domini
1399 1499 1677 1575 MCCCCCVI.
1709 1503 1894 1579 Kalendis

289 1621 455 1723 Augusti.
478 1619 540 1693 sol.
561 1623 614 1704 14.
636 1616 762 1714 infign.
781 1616 952 1716 Typogr.
973 1618 1140 1689 llatdoltz'
1153 1644 1241 1691 cum
1258 1618 1423 1693 verslbus
1439 1617 1555 1692 solitis
1579 1635 1647 1693 etc.
1670 1620 1734 1716 fol.
1756 1623 1809 1693 15.
1823 1625 1895 1696 sa.

282 1758 365 1816 tuta
390 1738 472 1814 aliis
500 1734 640 1808 statutis
665 1732 903 1831 synodalibus
930 1733 1240 1810 Reverendissimi
1269 1736 1308 1809 in
1336 1736 1481 1808 Christo
1515 1736 1637 1809 Patris
1668 1754 1707 1811 et
1731 1738 1897 1838 Domini

283 1859 440 1932 Henn‘cz'
454 1851 629 1953 Episcopi
651 1851 885 1948 Augustenfis
911 1852 950 1925 in
967 1852 1221 1927 celebratione
1232 1852 1378 1950 Synodi
1395 1854 1552 1926 crastino
1565 1855 1725 1929 Sanctae
1742 1857 1896 1954 Marga-

286 1977 409 2050 rctlzac
429 1971 532 2046 Anni
554 1968 713 2043 Domini
736 1968 921 2042 Millestmi
945 1969 1233 2071 quingentesimi
1262 1969 1352 2043 sexti
1385 1970 1495 2044 editis
1520 1972 1774 2070 adjungenda,
1803 2000 1897 2048 cum

286 2074 491 2191 insignibus
512 2087 614 2161 Prin.
636 2087 733 2184 Aug.
754 2087 868 2160 -ad
886 2088 1001 2166 finem
1022 2087 1084 2158 sol.
1109 2088 1160 2158 18.
1184 2087 1247 2159 lin.
1268 2094 1324 2175 24.
1345 2087 1474 2160 datum
1496 2087 1655 2186 Auguste
1675 2091 1790 2162 Anno
1810 2091 1894 2164 Do-

289 2211 385 2290 mini
402 2207 587 2282 Mileslmo
605 2203 903 2304 quingentesrmo
929 2203 1089 2304 septimo
1117 2204 1239 2302 pridie
1260 2207 1357 2277 Non.
1383 2206 1624 2304 Novembris.
1652 2207 1764 2283 Char.
1782 2207 1887 2308 goth.

289 2328 418 2429 grand.
436 2325 514 2399 soll.
538 2323 591 2394 18.
609 2348 688 2392 non
708 2319 793 2417 sign.
815 2320 877 2392 lin.
900 2320 964 2393 fol.
982 2321 1096 2420 prirni
1117 2322 1151 2392 b.
1178 2324 1234 2394 58.
1261 2323 1285 2395 s.

482 2461 610 2517 Panzeri
626 2457 731 2512 Annas.
749 2459 881 2533 Typogr.
893 2459 934 2528 ΙΤ.
953 2459 978 2514 6.
999 2460 1101 2535 12135.
1120 2460 1156 2515 N.
1175 2461 1220 2534 54
1244 2462 1330 2535 Zaps
1339 2459 1507 2546 Augsburgs
1526 2461 1897 2539 Buchdruclsergesohichtc

580 2552 653 2604 To.
670 2569 701 2625 p.
712 2551 757 2604 25.
776 2551 815 2606 N.
825 2549 850 2605 6.

385 2729 505 2824 67.-
527 2724 749 2796 Catholt'can.
761 2722 922 2796 —Haec
940 2724 978 2796 in
996 2723 1122 2798 fronte
1144 2764 1189 2782 -
1209 2725 1271 2799 sol.
1290 2752 1322 2797 2.
1342 2723 1473 2799 Prima
1498 2751 1597 2825 pars.
1621 2728 1757 2827 incipit
1780 2730 1898 2801 Sum·

291 2876 365 2933 ma,
383 2871 479 2947 quae
497 2859 658 2918 vocatur
674 2843 878 2915 catholicon
898 2842 998 2915 edita
1015 2870 1037 2916 a
1057 2842 1173 2916 fratre
1191 2845 1336 2916 Jaanne
1352 2843 1398 2916 de
1418 2844 1541 2916 lanua
1565 2844 1711 2918 ordinis
1731 2844 1900 2919 fratrum

292 2965 662 3066 praedicatorum-
681 2959 744 3032 sol.
764 2961 846 3056 296.
866 2959 927 3032 lin.
954 2960 1011 3056 37.
1030 2961 1266 3033 dz'ctzonanics
1281 2961 1340 3034 seu
1364 2960 1611 3033 vocabulan'us
1636 2960 1764 3032 fratris
1782 2963 1899 3034 Jaan-

296 3085 357 3155 nis
373 3077 567 3176 Janucnsz's
587 3094 655 3154 etc.
683 3120 733 3134 -
759 3074 915 3150 Venonis
942 3075 1034 3149 iussu
1061 3094 1099 3150 et
1123 3077 1299 3177 impensls
1328 3077 1486 3151 Domini
1513 3074 1899 3173 Petn'Ltaclstanstein
1982 3082 1986 3088 ’

294 3195 732 3293 Coloniensrss‘vigilanti
748 3195 866 3270 studio
879 3191 1022 3268 revisus
1035 3194 1336 3295 emendatusque
1354 3195 1525 3270 felicibus
1537 3190 1691 3269 tandem
1712 3194 1813 3268 astris
1833 3197 1900 3270 ab·

295 3314 437 3388 solutus
458 3315 506 3384 est
526 3312 639 3384 Anno
659 3312 877 3411 salutigerae
899 3311 1168 3386 incarnationis
1194 3315 1297 3387 1506.
1320 3313 1379 3388 die
1396 3313 1500 3388 sexto
1522 3311 1702 3387 Octobris
1723 3355 1768 3369 -
1786 3313 1899 3412 Regi·

296 3437 411 3503 slrum
424 3429 558 3527 operis
578 3444 647 3501 etc.
680 3428 791 3500 Char.
811 3429 914 3525 goth.
933 3430 1008 3500 soll.
1023 3431 1104 3524 296.
1125 3430 1186 3500 lin.
1204 3431 1261 3525 69.
1281 3430 1304 3500 f.
1505 3422 1508 3427 ’

485 3565 587 3622 Editio
604 3565 674 3620 haec
691 3565 726 3620 ab
744 3563 880 3635 analystis
893 3562 1053 3618 hucusdum
1071 3565 1277 3618 nonrecenlita
1294 3565 1378 3617 etiam
1394 3564 1426 3617 in
1437 3561 1618 3621 Bibliotheca
1627 3567 1739 3623 Bauerl
1750 3611 1756 3632 ,
1768 3567 1819 3625 ubi
1827 3586 1902 3644 peno

576 3676 682 3713 ¹omnes
697 3658 853 3732 Jattuenlis
870 3656 1042 3711 recensiones
1059 3659 1142 3711 Tom.
1161 3670 1186 3709 a..
1205 3675 1234 3729 p.
1247 3656 1306 3711 166.
1325 3672 1498 3722 occurrunt,
1517 3675 1575 3711 non
1593 3661 1746 3734 reperitur.

394 3855 441 3930 68
453 3892 502 3908 -
523 3851 558 3921 A
573 3850 732 3921 Domino
754 3847 947 3919 Benedicta
964 3846 1152 3944 Brugnola
1168 3872 1209 3920 ac
1228 3845 1387 3919 mirifice
1405 3845 1676 3920 concinnatum
1695 3849 1902 3935 cumtabu·

300 3974 335 4046 la
350 3970 543 4071 prioribus
565 3967 646 4042 aliis
664 3964 875 4065 copiosiori,
888 3963 1136 4063 faciliorique‚
1148 3963 1299 4063 insuper
1310 3963 1419 4062 supra
1434 3964 1710 4038 vocabulorum
1728 3967 1802 4041 tria
1818 3965 1903 4040 mil-

233 4076 236 4080 *
300 4090 349 4162 lia
367 4089 413 4162 ab
435 4087 514 4162 aliis
532 4086 754 4161 omissorum
773 4080 1089 4182 excerptislimus‚
1112 4107 1279 4183 quorum
1297 4080 1366 4154 tibi
1384 4080 1567 4155 iudicium
1584 4081 1740 4170 sacient,
1764 4084 1903 4182 singula

300 4220 443 4306 puncta
462 4205 610 4302 fingulis
626 4202 854 4278 dictionibus
875 4227 945 4301 per
970 4227 1040 4272 nos
1067 4198 1254 4297 excerptis
1273 4197 1495 4296 praeposita.
1523 4214 1693 4274 ceterum
1720 4201 1903 4289 slutilita·

300 4337 380 4396 tem
396 4320 661 4399 incredibilem
681 4320 905 4420 cognoscere
924 4315 1113 4403 volueris,
1132 4316 1325 4415 epistolam
1345 4318 1507 4390 noslram
1533 4317 1615 4417 lege
1631 4345 1724 4393 cum
1746 4317 1902 4417 privile·
2007 4380 2010 4387 .

300 4440 363 4538 gio
375 4439 540 4514 -Haec
554 4437 598 4509 'in
618 4437 742 4511 sronte
759 4464 847 4511 cum
871 4435 1005 4534 lnfigni
1024 4424 1176 4507 Nz'calai
1193 4433 1453 4530 Gorgonzolac.
1469 4476 1513 4488 -·
1540 4435 1720 4510 Eiusdem
1742 4435 1904 4535 Epistola

300 4557 365 4632 sol.
391 4556 474 4631 eod.
502 4555 536 4628 b.
557 4597 606 4612 -
629 4553 692 4625 fol.
719 4580 752 4626 a.
784 4553 900 4651 usque
929 4555 984 4639 46.
1013 4579 1091 4625 non
1120 4551 1205 4648 sign.
1231 4550 1448 4624 continetur
1477 4551 1672 4651 registrum
1699 4551 1822 4626 lexici.
1851 4596 1900 4610 -

301 4676 405 4752 Dein
422 4701 504 4776 pag.
529 4702 557 4746 1.
584 4670 735 4745 Nz'aalaz'
758 4670 895 4742 Perotti
913 4668 1179 4768 Cornucopiae
1199 4668 1387 4767 incipiunt
1408 4713 1457 4727 -
1488 4697 1523 4768 p.
1548 4668 1649 4740 1268.
1670 4666 1732 4740 lin.
1754 4696 1810 4741 22.
1833 4669 1904 4744 im·

303 4794 467 4894 pressum
491 4792 699 4870 Mediolani
715 4815 784 4892 per
807 4787 987 4863 loannem
1012 4782 1171 4862 Marcam
1204 4785 1250 4862 de
1278 4786 1520 4889 Ferran'e'sad
1545 4783 1729 4887 impensas
1756 4785 1910 4862 Na'calal
1974 4863 1976 4868 .
