4358 5694
611 591 852 654 cattaneus
878 591 1253 653 nmaioonanfflcns
1279 542 1475 653 nnxvm.
1779 581 1848 655 105

241 781 357 854 Anno
374 775 534 851 Domini
549 773 735 849 Milefimo
753 773 1053 874 quingenteslmo
1071 788 1209 847 octavo
1220 772 1380 850 decimo.
1408 769 1520 848 Char.
1530 770 1591 847 lat.
1605 772 1757 850 minute.
1769 775 1847 853 fott.

240 906 276 988 4.
291 923 372 973 non
391 895 480 994 fign.
500 893 563 966 lin.
582 894 651 966 ult.
669 891 733 965 fot.
753 893 812 965 38.
837 898 873 980 4.
1110 961 1115 968 .

433 1032 562 1090 Panzeri
578 1031 684 1087 Annal.
704 1032 837 1106 Typogr.
855 1032 889 1087 T.
899 1051 928 1105 7.
945 1050 974 1105 p.
992 1030 1058 1087 205.
1077 1030 1116 1087 N.
1130 1027 1194 1087 668.

337 1206 420 1278 312.
433 1244 483 1260 -
509 1199 759 1297 Hexastichon
786 1195 977 1273 Anemolaei'
999 1200 1140 1274 Poetae
1165 1201 1322 1275 laureati
1347 1201 1605 1300 Hytholodaci
1630 1228 1677 1276 ex
1701 1202 1844 1278 sorore

241 1322 403 1423 Nepotis
431 1321 472 1394 in
501 1322 665 1418 lltopzitm
691 1317 861 1393 Insulam.
876 1359 926 1374 -
947 1318 1052 1391 Haec
1074 1317 1114 1391 in
1139 1316 1322 1390 fronte-
1342 1343 1432 1392 cum
1453 1317 1516 1394 sex
1540 1320 1764 1394 vectibus·
1781 1322 1846 1396 fot.

242 1440 324 1516 eod.
339 1441 377 1514 b.
405 1440 555 1538 Utopiae
576 1435 715 1510 insulae
732 1434 859 1511 tabula
874 1435 938 1508 fol.
961 1461 1065 1531 70-
1085 1433 1283 1529 sermones,
1299 1434 1363 1508 fot.
1396 1438 1474 1510 165.
1492 1462 1574 1510 non
1598 1438 1684 1536 [ign.
1707 1438 1769 1512 lin.
1788 1465 1847 1512 22.

241 1558 414 1654 Basileoe
435 1556 536 1656 apud
554 1555 729 1628 Ioannem
753 1552 964 1626 Frobemiam
982 1550 1108 1627 menie
1132 1551 1274 1626 Martio
1294 1552 1665 1630 A.M.D.xv111.-
1687 1556 1752 1631 fot.
1771 1556 1846 1657 seq.

240 1666 430 1775 b.infigne
451 1675 622 1773 Typogr.
651 1673 761 1746 Char.
781 1672 842 1746 lat.
863 1670 994 1770 grand.
1010 1670 1086 1744 foll.
1104 1669 1192 1770 sign.
1215 1672 1292 1759 164.
1310 1670 1350 1745 in
1363 1686 1446 1745 toto
1470 1674 1548 1748 165.
1568 1673 1631 1746 lin.
1651 1675 1709 1748 26.
1736 1681 1770 1765 4

433 1814 562 1870 Ponzeri
578 1810 685 1867 Annal.
702 1812 835 1885 Typogr.
854 1810 890 1865 T.
901 1809 930 1866 6.
954 1810 1059 1885 p.205.
1086 1809 1123 1866 N.
1134 1785 1197 1866 tm.
1215 1810 1319 1867 Μαίη.
1344 1810 1380 1865 Τ.
1391 1825 1418 1867 2.
1441 1830 1471 1887 p.
1489 1813 1554 1868 522.
1572 1814 1733 1889 examplari
1750 1812 1844 1872 nostro

528 1902 601 1959 deest
621 1905 743 1978 Utopioe
757 1902 833 1958 liber
845 1903 967 1980 primun·

337 2077 479 2151 313.-
498 2074 652 2172 Postilla
672 2074 871 2147 Guillermi
888 2071 1002 2175 super
1019 2072 1200 2173 Epistolas
1227 2089 1266 2147 et
1290 2073 1497 2172 Evangelia
1518 2100 1589 2174 per
1615 2076 1732 2150 totius
1753 2078 1843 2152 anni

241 2195 466 2279 circuitum.
484 2192 530 2266 de
548 2208 744 2293 tempore,
765 2189 936 2276 Sanctis,
959 2206 999 2265 et
1014 2215 1087 2291 pro
1105 2189 1293 2265 defunctis
1309 2215 1372 2265 ere
1389 2206 1428 2265 et
1445 2206 1526 2265 arte
1543 2216 1646 2268 nova
1659 2192 1845 2294 impreffa
1887 2236 1892 2245 ·

240 2346 289 2367 -·
303 2310 472 2387 Haecin
490 2310 616 2384 fronte
641 2334 731 2383 cum
752 2309 861 2382 icone
889 2314 923 2398 4.
939 2306 1275 2406 Evangelistarum3
1303 2324 1342 2382 et
1366 2307 1466 2382 infra
1492 2308 1708 2385 tetrasticho
1737 2311 1784 2385 ad
1804 2312 1848 2385 li-

238 2416 489 2506 hrum-fol
514 2427 592 2501 186.
620 2427 683 2499 lin.
702 2427 759 2515 34.
782 2426 867 2500 finit
888 2423 1071 2531 expolitio
1097 2425 1293 2501 Guillenm
1308 2440 1439 2527 etc.-
1392 2452 1508 2499 ··ex
1530 2426 1687 2504 officina
1706 2429 1848 2502 Adami

239 2549 340 2622 Petn
354 2547 401 2621 de
415 2543 722 2647 Langendorff
691 2543 783 2617 civis
805 2541 1007 2616 Bafilienfis
1034 2541 1148 2649 Anno
1168 2540 1350 2615 milefimo
1374 2542 1673 2650 quingentestmo
1692 2546 1842 2621 decimo

239 2683 374 2742 octavo
391 2664 516 2765 prima
534 2661 691 2762 Augusti
708 2658 886 2758 Basilaea
911 2658 1060 2733 Sotrice
1089 2674 1217 2733 etc.—
1237 2657 1349 2733 Char.
1368 2660 1472 2757 goth
1500 2659 1598 2759 gloff.
1624 2689 1740 2763 marg.
1766 2664 1843 2738 foll.

245 2785 320 2859 186.
338 2783 400 2857 lin.
417 2781 481 2855 fol.
503 2779 570 2855 ult.
589 2779 624 2853 b.
643 2781 701 2868 46.
728 2785 762 2868 4.

351 2902 357 2913 ’
425 2922 511 2976 Pam
511 2920 638 2976 erim
640 2918 831 2994 albione
848 2917 1043 2993 Tw9i397·
1065 2916 1176 2992 Nweto

329 3093 413 3183 314.
423 3133 476 3149 —
492 3091 762 3165 Elementanits
776 3085 1019 3161 dz‘alecticeD.
1030 3086 1121 3160 Ioan
1133 3085 1299 3159 Eclu‘f-
1316 3086 1422 3162 Haec
1438 3086 1478 3161 in
1494 3087 1620 3164 fronte
1638 3117 1727 3166 cum
1743 3093 1842 3192 infig.

236 3210 349 3312 aquil.
361 3209 497 3309 imper.
510 3224 548 3283 et
557 3208 751 3282 infracum
764 3203 967 3306 privilegio
986 3204 1187 3309 cenoyavit
1203 3220 1240 3280 et
1250 3207 1365 3301 auxit.
1385 3207 1446 3280 fot.
1466 3208 1550 3281 eod.
1561 3207 1595 3281 b.
1614 3209 1724 3310 Epist.
1740 3212 1843 3286 dedi-

231 3345 299 3401 cat.
314 3325 632 3400 Ectzt'adMartin.
644 3324 854 3398 etLudovz'c.
865 3320 1037 3396 Comites
1050 3321 1395 3421 Oettingenses,fol.
1406 3327 1465 3398 25.
1475 3325 1538 3399 lin.
1552 3326 1610 3400 31.
1621 3327 1840 3428 impress'um

232 3439 416 3542 Augustae
438 3444 698 3517 Wndelicomm
717 3439 756 3513 in
768 3440 923 3514 officina
938 3440 1139 3515 Millerana
1158 3442 1243 3514 Vll.
1267 3428 1349 3515 Kal.
1370 3442 1569 3517 Januarias
1588 3445 1662 3519 An.
1679 3448 1781 3521 1518.
1793 3490 1842 3510 κ-

231 3590 267 3661 p.
279 3564 351 3664 seq.
370 3562 496 3662 infign.
512 3560 625 3634 Eclui'
638 3559 751 3634 Char.
762 3557 865 3659 goth.
883 3557 982 3659 gloff.
999 3584 1115 3656 marg.
1128 3557 1204 3632 foll.
1217 3561 1276 3632 25.
1287 3586 1367 3633 non
1381 3560 1468 3660 fign.
1485 3561 1547 3636 lin.
1562 3562 1625 3638 fol.
1643 3564 1709 3640 ult.
1722 3566 1779 3641 33,
1807 3576 1840 3657 4.

313 3759 316 3763 ,
423 3703 553 3759 Panzeri
570 3698 678 3756 Annal.
698 3700 831 3774 Typogr.
852 3699 887 3753 T.
898 3697 925 3753 6.
942 3718 970 3773 p.
984 3709 1044 3773 149.
1063 3696 1175 3752 Nan.
1194 3698 1283 3773 Zaps.
1304 3701 1338 3754 T.
1348 3713 1373 3754 2.
1394 3719 1424 3774 p.
1437 3702 1499 3757 113.
1517 3701 1555 3757 N.
1567 3702 1612 3775 23.

326 3871 470 3972 315„-
488 3869 728 3942 Directorium
751 3867 791 3940 in
816 3864 1028 3939 dominicae
1059 3864 1235 3964 passionis
1266 3867 1505 3941 articulos-···
1530 3871 1635 3945 Haec
1657 3869 1695 3942 in
1715 3869 1841 3949 fronte

232 4014 319 4062 cum
335 3985 543 4062 decasticho
563 3986 587 4060 f.
606 3986 782 4059 Danielis
805 3984 1004 4082 Agricolae
1026 3981 1090 4055 sol.
1122 4009 1150 4053 1.
1171 3981 1290 4056 Paffio
1311 3985 1359 4057 D.
1380 3985 1424 4056 N.
1444 3982 1527 4080 Jefii
1554 3986 1690 4083 Christi
1710 4004 1777 4062 etc.
1794 4033 1841 4051 ·-

228 4106 299 4199 fol..
321 4105 382 4204 39.
406 4102 562 4205 explicit
583 4101 855 4178 concordantia
877 4114 1042 4202 quatuor
1071 4099 1391 4198 Evangeliflarurn
1406 4143 1448 4157 -
1468 4102 1640 4198 Basileae
1665 4104 1840 4207 impressa

232 4236 414 4323 regnante
434 4220 603 4295 Domino
620 4225 747 4295 nostro
759 4220 844 4318 Jesu
867 4219 959 4293 Chri
968 4235 1004 4291 to
1021 4218 1135 4291 Anno
1152 4218 1205 4291 M.
1215 4218 1263 4290 D.
1274 4217 1417 4291 XVIII.
1439 4208 1502 4292 'fot
1520 4218 1593 4322 seq.
1605 4222 1840 4303 decastichon

232 4367 322 4433 cum
331 4338 498 4440 registro.
525 4338 636 4415 Char.
646 4338 749 4441 goth.
765 4337 842 4411 foll.
853 4337 911 4436 39.
924 4337 1010 4434 fign.
1022 4334 1063 4409 in
1071 4351 1153 4409 toto
1163 4342 1221 4426 44.
1236 4336 1299 4413 lin.
1311 4336 1373 4410 fot.
1388 4336 1454 4412 ult.
1466 4364 1545 4412 non
1557 4339 1641 4441 sign.
1654 4342 1716 4419 lin.
1727 4351 1783 4422 26.
1804 4355 1837 4438 4.

424 4477 528 4536 Editio
544 4498 662 4557 perrara
679 4477 843 4577 hncuadum
859 4494 919 4532 non
936 4476 1078 4530 recensita.

326 4647 468 4722 3ι6.-
484 4646 758 4722 Beate'loannis
772 4642 1188 4745 ChrisostomiArchiep.
1200 4648 1376 4719 constant.
1390 4646 1488 4722 doct.
1501 4651 1637 4724 Excelt.
1660 4655 1781 4724 Sermo
1791 4658 1811 4725 d
1817 4685 1836 4726 e

229 4762 326 4856 mala
335 4781 373 4841 et
384 4767 488 4844 bona
499 4765 663 4844 muliere
679 4765 969 4870 pulcherrimus.
982 4762 1147 4840 ···-Haec
1158 4762 1198 4837 in
1210 4751 1334 4837 fronte
1349 4764 1462 4841 litter.
1481 4767 1627 4861 majusc.
1648 4768 1751 4841 fote.
1771 4769 1832 4843 lin.

286 4886 360 4960 Vol.
385 4885 435 4963 ΙΙ.
478 4900 486 4913 ‘
620 4883 624 4892 ’
1513 4884 1548 4952 0
