4320 5700
271 550 344 633 224
617 563 857 623 caranocus
883 560 1258 623 ainuoonarnrcus
1283 544 1478 623 nnnsixv.
1540 554 1544 565 “
1603 628 1608 635 ,

276 741 310 813 3.
339 741 410 815 alia
442 742 487 815 ad
515 743 670 819 eosdem
693 743 829 844 scripta
853 743 984 818 aVito
1007 743 1215 846 Ophtalmio
1237 760 1306 822 art.
1330 744 1438 820 Bacc.
1464 742 1577 819 Char.
1592 739 1724 843 grand.
1753 740 1874 827 solli.

274 886 354 933 non
369 859 455 959 srgn.
476 861 539 935 lin.
555 889 611 960 27.
625 870 660 952 4.

467 1002 567 1057 Etiam
583 1003 617 1057 in
634 1003 773 1077 catalogis
791 1003 985 1059 univcrsitatis
1000 1000 1230 1061 vindobonensis
1246 1002 1375 1059 Rolaudi
1394 1020 1499 1058 nomen
1516 1016 1576 1057 non
1593 998 1753 1056 indicatur.

371 1172 454 1270 689.
481 1216 531 1231 -
556 1175 687 1274 Eyaaa'
715 1174 886 1245 familiai
903 1171 1077 1272 apollinis
1097 1186 1134 1245 et
1149 1171 1342 1248 musarum
1361 1172 1408 1248 ad
1423 1158 1667 1271 speciabilem
1682 1184 1721 1243 et
1737 1166 1879 1267 magni·

273 1289 390 1363 ficum
406 1292 605 1366 dominum
630 1295 678 1366 D.
703 1291 928 1389 Franaascum
959 1291 1004 1363 de
1029 1290 1186 1362 Nadasd
1204 1307 1274 1365 etc.
1298 1289 1498 1391 sponsum,
1529 1306 1567 1364 et
1593 1286 1815 1387 generosam
1838 1312 1880 1360 ac

275 1406 514 1504 magnificam
532 1407 721 1505 virginem
740 1409 989 1505 Elisabetham
1005 1408 1051 1478 de
1068 1408 1213 1481 Batbor
1224 1396 1396 1508 sponsam
1412 1406 1641 1506 compositae
1660 1434 1682 1480 a
1700 1407 1759 1479 Μ.
1768 1406 1878 1478 Fran·

276 1525 368 1621 casco
386 1527 587 1627 Hyppalyti
598 1526 877 1599 Hz‘ldenshemzh
892 1522 1115 1599 clastrinense
1133 1526 1392 1600 neomarchio.
1408 1527 1569 1599 Viennae
1575 1520 1747 1619 Austn'ae
1761 1549 1808 1597 ex
1822 1520 1876 1597 os·

264 1642 387 1729 'licina
402 1644 679 1743 typographica
696 1645 875 1744 Stephani
891 1646 1059 1717 Creuzen‘
1078 1644 1193 1717 Anno
1215 1643 1485 1717 M.D.LXXV.
1505 1684 1554 1701 -
1588 1642 1696 1716 Haec
1715 1642 1756 1714 in
1780 1640 1879 1714 sron·

264 1760 319 1834 'te
338 1804 387 1818 -
413 1762 475 1833 fol.
502 1789 530 1833 1.
551 1760 652 1834 1).-
677 1761 909 1838 dedicatoria
934 1760 980 1835 ad
1005 1760 1184 1836 comitem
1211 1761 1368 1834 Nadasd
1379 1806 1425 1823 -
1453 1762 1479 1834 f.
1496 1786 1531 1834 a.
1555 1784 1714 1834 carmen
1732 1801 1782 1818 -
1799 1758 1881 1831 sinit

278 1879 344 1951 fol.
363 1906 396 1976 9.
414 1877 449 1950 b.
468 1905 555 1951 cum
572 1879 764 1953 musarum
781 1880 1016 1977 ablegatione
1034 1879 1082 1953 ad
1111 1878 1282 1976 egregios
1302 1894 1340 1952 et
1355 1877 1502 1952 nobiles
1520 1876 1700 1951 dominos
1715 1874 1875 1951 hsichae·

277 1997 349 2067 Iam
374 1996 595 2097 Thapoltzaz'
603 1994 845 2072 secretarium
860 1998 993 2071 Joann.
1018 1996 1170 2093 Parnaſs
1191 1995 1397 2070 officialem
1422 1995 1524 2071 casiri
1550 1996 1730 2069 Kereatur
1751 2010 1791 2068 et
1813 1992 1879 2067 Ge·

279 2116 417 2214 orgaiam
434 2115 597 2224 Enyeda'i
611 2115 879 2192 transllvanum
899 2131 968 2191 etc.
986 2115 1099 2189 Char.
1119 2114 1248 2215 grand.
1266 2115 1353 2217 foll,
1366 2142 1422 2190 10.
1435 2140 1514 2188 non
1529 2112 1618 2213 sign.
1636 2114 1706 2188 lin.
1722 2111 1830 2201 aaa

467 2252 586 2311 naim
599 2254 783 2331 asscriptum.

917 2347 972 2421 Μ.
986 2348 1034 2420 D.
1056 2347 1239 2422 LXXVI.

375 2488 459 2584 690.
485 2527 531 2545 -
564 2489 711 2561 Veneris
726 2503 764 2562 et
784 2488 970 2589 Cupidinis
989 2487 1152 2581 Gamilz'a
1179 2486 1431 2588 epithalamiis
1448 2482 1578 2585 gratiis
1593 2482 1810 2585 conspersa:
1837 2483 1879 2557 il-

275 2603 379 2677 lussri
396 2631 439 2677 ac
457 2605 659 2703 magnifico
683 2606 839 2679 domino
865 2604 1022 2680 domino
1046 2606 1147 2680 Juln
1170 2605 1301 2680 comiti
1322 2633 1347 2679 a
1367 2606 1503 2679 Salmas
1528 2618 1568 2679 et
1591 2602 1788 2703 Neoburga
1813 2618 1881 2677 etc.

273 2720 405 2823 sponso
433 2737 472 2795 et
495 2721 696 2821 generosae
722 2723 1047 2824 nobilissimaeque
1073 2724 1213 2824 virgini
1240 2725 1375 2797 Annae
1406 2723 1551 2798 Μανίου
1579 2749 1603 2797 a
1626 2718 1884 2817 Da'ttn'clrstaair
1965 2726 1970 2737 '

119 2854 122 2860 ’
208 2920 212 2927 .
275 2837 429 2940 sponsae
448 2840 619 2917 dedicata
636 2870 657 2916 a
672 2842 724 2916 Μ.
742 2842 931 2938 dianczsco
941 2843 1134 2944 Hippolyti
1144 2843 1438 2917 Hildenshezinah
1455 2838 1731 2923 neomarchico
1757 2836 1884 2912 cuhri-

272 2957 396 3032 nense.
430 2960 589 3032 Viennae
602 2960 770 3058 Aastnae
790 2958 1001 3035 excutiebat
1018 2961 1221 3061 Stephanus
1243 2963 1396 3035 Creuzer
1408 2961 1523 3033 Anno
1539 2956 1888 3057 mummi.-

275 3076 379 3151 llaec
406 3077 444 3149 in
469 3077 599 3161 'fronte
614 3122 665 3137 -
690 3079 753 3152 sol.
779 3106 808 3152 r.
841 3078 875 3151 b.
898 3105 1052 3154 carmen
1072 3078 1348 3155 dedicatorium
1374 3078 1559 3179 Hippositi
1577 3074 1627 3153 ad
1641 3074 1822 3179 sponsum
1838 3114 1887 3133 -

274 3194 338 3267 fol.
359 3222 391 3268 2.
414 3195 598 3293 elegia-
618 3196 703 3269 finit
725 3196 802 3270 soll.
824 3198 858 3270 8.
877 3197 912 3271 b.
930 3198 989 3270 his
1006 3196 1190 3270 versibus:
1218 3208 1222 3215 '

461 3314 629 3389 Tantum
649 3339 737 3412 ego:
755 3340 824 3387 vos
842 3313 1028 3388 thalamos
1046 3313 1194 3413 ingressi
1210 3315 1291 3413 lege
1308 3312 1469 3413 pudicos

519 3482 523 3488 -
559 3435 615 3504 lta
631 3430 727 3529 agite
746 3459 769 3502 o
783 3433 943 3530 juvenes
961 3432 1122 3533 pariter3
1144 3459 1212 3507 vos
1232 3432 1380 3531 semper
1400 3431 1542 3506 amoris

466 3545 616 3648 Copula
631 3548 741 3620 firma
759 3549 859 3646 liget.
887 3550 949 3621 Sic
966 3552 1171 3625 murmura
1181 3555 1300 3625 vessra
1319 3547 1513 3623 columbas

558 3664 773 3762 Amplexus
789 3654 949 3739 hederas
968 3665 1140 3751 vincent,
1161 3684 1267 3767 grata
1284 3667 1408 3743 oscula
1428 3665 1605 3743 conchas.

276 3784 386 3860 Char.
405 3781 534 3884 grand.
553 3782 630 3857 soll.
650 3783 683 3856 8.
701 3809 781 3856 non
800 3783 885 3883 sign.
903 3784 965 3858 lin.
986 3786 1043 3860 28.
1064 3791 1096 3875 4.
1585 3776 1590 3785 ’

459 3924 562 3980 Etiam
570 3921 604 3978 de
613 3922 837 3991 Hildesheimio‚
847 3926 981 3998 quamvis
1002 3924 1115 3983 diversa
1131 3928 1259 3985 carmina
1276 3924 1405 3993 ediderit,
1416 3945 1514 3983 omnes
1523 3924 1609 4001 plane
1618 3922 1727 3981 desunt.
1748 3924 1890 3983 notitiae.

366 4095 448 4193 691.
477 4136 524 4153 -
555 4096 707 4167 Carmen
719 4096 997 4194 gratulatorium
1015 4096 1056 4168 in
1071 4098 1262 4171 honorem
1282 4112 1320 4170 ct
1341 4095 1637 4170 celeberrimum
1654 4109 1791 4171 actum
1814 4122 1891 4173 no·

268 4211 355 4286 bilis
375 4228 413 4284 et
433 4212 618 4287 clarissimi
639 4212 713 4286 viri
728 4212 1117 4288 amanuensium·
1131 4231 1202 4289 etc.
1221 4239 1309 4288 cum
1325 4214 1365 4288 in
1382 4213 1530 4289 medica
1546 4212 1726 4289 facultate
1751 4214 1891 4317 laurea

268 4329 462 4428 dignitatis
482 4329 685 4405 doctoralis
704 4330 944 4430 insigniretur
965 4347 1034 4405 etc.
1067 4359 1090 4405 a
1113 4333 1166 4405 M.
1188 4334 1325 4406 Alexab
1348 4332 1487 4429 Straust
1509 4331 1685 4431 posltum.
1719 4332 1894 4409 Viennae

270 4447 438 4545 Aastnae
454 4474 500 4521 ex
522 4449 676 4524 ossicina
698 4449 975 4550 typographica
989 4448 1188 4523 Michaelis
1204 4446 1349 4550 Apseliz'
1369 4450 1483 4523 Anno
1505 4450 1609 4547 1576.
1629 4492 1682 4509 —
1706 4446 1775 4527 soi.
1797 4478 1828 4527 1.
1849 4452 1891 4529 b.

270 4593 424 4643 carmen
441 4612 487 4628 -
504 4566 587 4638 finit
605 4565 668 4640 fol.
690 4572 723 4656 4.
742 4610 792 4624 -
808 4566 919 4641 Char.
942 4567 1071 4666 grand.
1092 4564 1232 4667 splend,
1253 4568 1329 4641 foll.
1351 4574 1383 4658 4.
1402 4592 1483 4641 non
1501 4567 1587 4668 fign.
1607 4568 1671 4643 lin.
1692 4594 1753 4669 29.
1772 4576 1809 4661 4.

461 4684 597 4741 Martias
624 4685 764 4740 Lubanus
787 4686 819 4739 in
847 4685 909 4740 diss.
943 4686 1098 4740 illustrium
1126 4687 1168 4757 in·
1185 4706 1217 4742 re
1251 4686 1362 4744 medica
1387 4686 1522 4745 virorum
1547 4684 1768 4748 vindobonae
1796 4689 1887 4763 ηαξ.

553 4774 633 4835 edita
650 4796 679 4852 p.
697 4776 744 4875 gb.
760 4776 812 4837 sub
825 4797 902 4835 anno
922 4773 1003 4865 1580.
1026 4779 1163 4838 occurrit.
