4320 5700
275 613 343 660 110
632 605 872 663 CATALOGUS
898 602 1274 663 BIBLIOGRAPHICUS
1300 599 1457 661 mmlx.

273 809 381 882 pogr.
402 783 500 885 inlra
515 783 687 880 Basileoe
704 784 803 885 apud
821 784 1006 858 Andream
1031 774 1271 859 Gonondrum
1297 783 1423 859 mense
1444 780 1607 857 Octobri
1631 778 1748 853 Anno
1778 778 1873 879 ¹5¹9·

275 903 387 976 Char.
410 896 470 978 lait.
488 902 621 1001 glollae
640 930 757 1003 marg.
777 904 853 979 foll.
876 932 928 978 11.
948 904 1033 1003 sign.
1056 904 1096 978 in
1116 920 1199 979 toto
1230 930 1284 978 12.
1305 902 1368 978 lin.
1388 902 1446 979 28.
1460 907 1495 991 4.

467 1044 596 1101 Panaeti
608 1046 713 1100 Annal.
733 1046 865 1120 Typogr.
884 1047 918 1101 T.
927 1045 954 1101 6.
971 1065 999 1120 p.
1011 1044 1073 1100 216.
1092 1045 1203 1100 Non.

372 1211 454 1285 332.
468 1254 513 1271 —
532 1214 748 1314 Disputatio
761 1215 809 1287 D.
827 1216 981 1289 Ioannis
995 1215 1120 1299 Eclii,
1137 1232 1175 1289 et.
1194 1215 1233 1287 P.
1255 1215 1414 1290 Martini
1424 1211 1579 1287 Lutheri
1592 1211 1632 1291 in
1649 1206 1772 1283 lludio
1789 1208 1876 1309 Lip-

191 1406 198 1419 ‚
283 1329 383 1404 ssenfi
401 1330 538 1406 lutura.
566 1335 638 1406 An.
658 1334 709 1405 M.
719 1333 766 1405 D.
779 1331 887 1406 XIX.
899 1377 949 1391 -
963 1334 1067 1408 Haec
1086 1333 1124 1408 in
1145 1333 1271 1409 fronte
1287 1332 1405 1406 limbo
1422 1330 1671 1406 decorata-
1685 1326 1750 1401 fot.
1764 1328 1797 1401 6.
1817 1326 1875 1403 lin.

280 1447 337 1522 31.
356 1449 451 1524 finis.
481 1451 591 1524 Char.
606 1452 666 1524 lat.
687 1450 763 1522 soll.
785 1451 817 1523 6.
834 1476 914 1524 non
932 1451 1017 1551 fign.
1038 1452 1100 1525 lin.
1119 1452 1175 1541 34.
1203 1458 1237 1541 4.

469 1590 619 1645 Ponzerus
638 1591 670 1642 in
686 1588 791 1644 Annal.
812 1591 941 1664 Typogr.
962 1591 995 1647 T.
1005 1613 1033 1665 7.
1051 1608 1152 1667 μυ.
1170 1592 1208 1647 N.
1218 1593 1282 1664 732.
1299 1590 1417 1645 eandem
1432 1588 1548 1663 quidem
1566 1570 1872 1661 exhibettlilputatio·

565 1700 651 1748 nem,
665 1680 760 1737 nostro
777 1682 1019 1758 exemplarium
1039 1685 1113 1740 deest
1127 1684 1269 1741 indicatio
1285 1684 1364 1750 loci,
1383 1700 1485 1757 nempe
1503 1680 1634 1757 Lipsiae.

376 1848 518 1923 333.-
537 1849 602 1923 Ad
615 1852 710 1950 Aug.
730 1853 916 1954 Preizczpes
934 1856 1027 1953 Imp.
1047 1856 1091 1929 R.
1103 1858 1172 1930 Ro.
1184 1856 1260 1930 Ele.
1282 1854 1449 1926 Carolum
1459 1866 1498 1925 et
1507 1848 1774 1923 Mrdtoandum
1794 1850 1878 1921 Ger.

278 1968 358 2063 post
378 1968 641 2042 Maximilzam'
654 1968 755 2044 Caes.
772 1970 940 2057 obitum,
965 1975 1147 2047 oratio-
1165 1972 1226 2046 Ad
1241 1971 1457 2046 Lectorem.
1477 1970 1638 2066 Magnus
1655 1965 1880 2039 Holdenber-

275 2110 347 2183 ger
361 2085 603 2187 Lantlperga.
614 2135 660 2151 -
678 2091 782 2164 Haec
803 2090 842 2163 in
859 2091 1040 2165 fronte·
1060 2092 1124 2165 fol.
1144 2091 1226 2165 eod.
1242 2091 1277 2164 b.
1298 2090 1460 2189 Epistola
1476 2088 1630 2185 Georgii
1643 2086 1887 2159 Souromonm'

279 2204 326 2277 ad
347 2204 474 2279 Franc.
496 2205 667 2304 Ss'ottzom
683 2225 722 2284 et
737 2208 911 2283 Bernard.
933 2209 1105 2306 Gleffiitm
1121 2208 1240 2310 Epilc.
1256 2208 1529 2282 Tridentinum
1540 2247 1590 2264 -
1607 2204 1672 2279 fot.
1683 2231 1743 2279 22.
1753 2202 1816 2277 lin.
1826 2226 1882 2274 22.

277 2348 324 2395 ex
341 2323 497 2398 officina
513 2326 736 2422 St'gzsmundi
749 2329 885 2400 Gn'mm
901 2326 1038 2399 Medic.
1058 2328 1170 2401 Doct.
1185 2354 1226 2401 ac
1242 2328 1364 2401 Murci
1380 2321 1560 2423 Wrstmg.
1587 2321 1774 2421 Augustae
1791 2318 1885 2393 Vin-

277 2438 500 2517 delicorum.
536 2444 650 2517 Anno
677 2443 779 2517 salut.
815 2446 866 2518 M.
879 2445 926 2517 D.
938 2444 1045 2517 XlX.
1078 2461 1213 2518 octavo
1240 2445 1327 2518 lduo
1361 2442 1527 2543 Augusti.
1556 2441 1668 2515 Char.
1693 2439 1754 2514 lat.
1783 2434 1884 2538 glot.

276 2583 393 2658 marg.
416 2559 492 2634 foll.
512 2587 661 2632 22.12011
681 2561 766 2659 fign.
786 2562 848 2636 lin.
871 2590 928 2661 29.
956 2569 990 2653 4.

466 2702 595 2757 Punzeri
613 2700 719 2760 Annal.
738 2703 869 2777 Typogr.
886 2703 921 2757 T.
932 2720 959 2778 9.
980 2698 1079 2778 p.381.
1098 2703 1137 2758 N.
1156 2702 1217 2759 160.
1235 2701 1263 2759 b.

369 2873 452 2962 334.
467 2916 517 2930 -
540 2874 656 2946 Pauli
673 2872 778 2945 Ilicii
804 2874 1013 2946 Tolmudz'c'a
1036 2872 1233 2948 novillime
1260 2871 1300 2945 in
1330 2869 1490 2945 latinum
1518 2866 1624 2942 verla
1646 2862 1888 2967 periocunda

274 2993 625 3065 commentorz‘olo—
644 2990 840 3065 Naturalia
857 3007 895 3065 et
910 2992 1138 3092 prophetica
1155 2993 1201 3064 de
1222 2990 1347 3065 anima
1365 2987 1462 3062 coeli
1480 2986 1586 3060 omni
1600 2984 1815 3060 attentione
1832 2980 1888 3055 di·

274 3132 346 3204 gna
363 3107 539 3183 adversus
556 3111 707 3182 Eclz'um
726 3109 968 3183 examina-
985 3108 1133 3209 Lepida
1153 3125 1192 3183 et
1210 3110 1340 3182 literae
1352 3106 1523 3207 undique
1539 3102 1781 3181 concinnain
1794 3100 1889 3203 plal-

273 3247 381 3295 mum
401 3224 533 3300 beatus
554 3227 612 3299 vir
631 3228 898 3302 meditatio-
915 3224 1072 3301 Concisa
1093 3245 1131 3304 et
1146 3256 1282 3304 areana
1303 3228 1349 3301 de
1370 3225 1486 3301 modo
1508 3222 1642 3298 orandi
1663 3220 1885 3309 innomine

271 3356 611 3438 tetragrammaton
630 3346 829 3445 responfio.
847 3388 887 3403 -
910 3345 1014 3420 Haec
1039 3346 1077 3419 in
1103 3348 1228 3423 fronte
1255 3346 1326 3421 litt.
1347 3341 1604 3442 rubro-nigris
1627 3340 1747 3414 limbo
1769 3367 1886 3415 orna-

273 3474 321 3532 ta.
334 3500 382 3515 --
400 3457 461 3530 fol.
492 3459 573 3533 eod.
592 3460 626 3533 b.
650 3462 820 3535 eiusdem
843 3460 1019 3535 lalutoria
1042 3466 1194 3563 epistola
1210 3467 1255 3540 ad
1282 3467 1390 3539 Pont.
1417 3465 1575 3536 Leonem
1590 3458 1641 3532 X.
1660 3498 1707 3517 -·
1739 3458 1805 3531 fol.
1825 3465 1888 3547 40.

274 3578 337 3649 lin.
362 3579 413 3648 15.
441 3603 487 3650 ex
504 3577 659 3653 officina
675 3577 868 3653 excusoria
882 3578 1104 3677 Sigrismundi
1115 3583 1249 3655 Grc'mm
1269 3581 1410 3656 Medici
1427 3596 1466 3655 et
1482 3579 1604 3679 Murci
1624 3572 1795 3673 Wifimg
1809 3576 1888 3649 Au-

270 3695 397 3795 gustae
412 3694 714 3770 Vindelicorum.
741 3697 855 3769 Anno
872 3726 893 3772 a
909 3688 1024 3771 natali
1037 3699 1229 3775 dominico
1247 3701 1300 3774 M.
1312 3702 1360 3773 D.
1370 3699 1477 3773 XlX.
1494 3694 1655 3796 septimo
1666 3694 1888 3795 ldqupri·

274 3814 328 3890 lis.
358 3815 460 3891 Char
476 3813 535 3888 lat.
552 3812 650 3913 gloll.
673 3841 789 3920 marg.
815 3815 890 3890 foll.
918 3823 974 3906 40.
996 3844 1076 3892 non
1100 3820 1185 3920 fign.
1213 3820 1277 3894 lin.
1295 3822 1353 3893 35.
1374 3826 1407 3907 4.
1434 3818 1497 3889 Ex
1517 3814 1729 3888 collectione
1748 3812 1886 3886 Herbi-

272 3962 396 4009 zzana.
508 3966 512 3973 ·

465 4076 595 4130 Ponzert'
610 4074 715 4129 Annal.
736 4076 870 4150 Typogr.
890 4076 925 4138 T.
935 4076 964 4136 6.
979 4098 1006 4153 p.
1018 4080 1079 4154 154.
1100 4079 1213 4138 N.151.
1243 4078 1333 4153 Zups.
1358 4078 1393 4132 T.
1410 4093 1436 4131 2.
1462 4097 1490 4152 p.
1511 4086 1571 4150 124.
1590 4074 1628 4129 N.
1639 4087 1684 4146 27.

366 4244 450 4318 335.
462 4285 508 4301 -
527 4247 586 4318 De
608 4246 756 4321 ratione
775 4245 1009 4346 disputandi,
1030 4248 1252 4350 praesertim
1270 4248 1309 4322 in
1324 4276 1365 4324 re
1383 4246 1616 4346 theologica,
1635 4241 1740 4315 Petri
1749 4238 1888 4339 Mofil-

273 4362 603 4459 Iom'Protegeufis
626 4350 769 4452 oratio,¹
789 4392 904 4465 quarn
933 4366 1097 4442 illustrill.
1123 4368 1275 4466 Georgii
1295 4369 1431 4442 Soxon.
1453 4364 1572 4440 Ducis
1601 4378 1670 4436 etc.
1691 4356 1887 4459 Principis

272 4477 328 4554 lui
349 4479 525 4565 nomine,
545 4480 583 4552 in
598 4481 896 4581 frequentillimo
910 4464 1107 4560 illustrium
1123 4484 1289 4586 aliquot,
1307 4505 1345 4561 et
1361 4484 1660 4569 doctillimorum
1676 4475 1886 4551 hominum

275 4613 478 4674 conventu.
505 4598 579 4671 Die
597 4598 761 4672 XXVll.
784 4602 890 4675 Junii
909 4603 1023 4691 dixit,
1041 4604 1253 4703 bliswe-
1271 4606 1433 4705 Epistola
1450 4600 1635 4705 quaedam
1653 4590 1810 4691 Erasmi,
1832 4594 1885 4667 ad

272 4719 418 4792 Petrum
436 4718 499 4792 Mo
515 4718 708 4804 ellonzitm,
725 4718 822 4794 mire
843 4720 1037 4795 felliva-
1061 4721 1225 4820 Epistola
1249 4722 1341 4798 item
1368 4720 1575 4807 Erasmice
1603 4715 1649 4791 ad
1667 4713 1716 4787 D.
1733 4711 1885 4785 Docto-

269 4861 353 4913 rem
380 4837 578 4913 Martinam
604 4836 867 4912 Lethaeum·
893 4839 1029 4915 Oratio
1060 4840 1162 4916 loon.
1190 4841 1333 4943 Longii
1356 4841 1566 4939 Lembergii
1586 4835 1715 4915 habita
1742 4829 1783 4903 in
1801 4828 1885 4903 fine
1957 4934 1965 4951 ἱ
