4320 5700
686 614 925 686 carnosus
952 619 1327 713 mauocmymcus
1354 623 1489 685 unxv.
1840 619 1887 692 83

284 816 354 887 Iar.
375 811 583 885 Bere-aldus.
603 850 652 866 -
676 812 717 880 ln
742 807 869 880 Aeaei.
892 823 1019 881 autem
1041 804 1105 876 hi:
1139 806 1287 877 servas.
1311 806 1495 899 Domzlr‘us·
1529 808 1628 880 Cald.
1657 809 1886 911 Augustinus
2030 844 2032 847 ·

284 931 399 1005 Dath.
421 928 630 1007 Beroaldus.
651 923 856 1022 Ascensrias.
870 928 977 998 —ln
995 922 1099 995 Xlll.
1125 922 1282 996 Aeneid.
1301 922 1465 1008 additio.
1494 940 1533 998 et
1554 927 1710 1028 reliquis
1732 935 1888 1032 opuscu-

283 1048 340 1121 lis.
359 1047 563 1121 Alcenlius.
579 1087 629 1102 -
644 1045 748 1118 Haec
767 1043 805 1115 in
822 1043 948 1121 fronte
965 1067 1057 1114 cum
1070 1040 1187 1112 limbo
1207 1039 1285 1114 aeri
1305 1038 1430 1118 inciso.
1452 1042 1635 1143 Sequitur
1660 1048 1796 1123 tabula.
1821 1053 1886 1128 fol.

284 1166 369 1241 eod.
382 1165 448 1240 fot.
466 1164 547 1237 230.
568 1191 647 1237 non
667 1164 752 1261 fign.
771 1162 835 1235 lin.
853 1162 910 1233 28.
928 1157 1084 1259 explicit
1103 1184 1200 1256 opus
1217 1157 1484 1256 Vergilianum
1498 1187 1584 1234 cum
1602 1163 1674 1238 luis
1692 1193 1887 1244 commen·

282 1285 389 1361 tariis
409 1280 628 1382 imprellum
651 1283 808 1354 Venerat
824 1280 864 1352 in
883 1277 1037 1352 aedibus
1056 1276 1268 1348 Alexandri
1285 1275 1473 1373 Paganiru'
1487 1278 1694 1356 Lauretano
1712 1288 1887 1389 principe

283 1403 365 1485 Kal.
383 1403 478 1478 Dec.
495 1398 703 1473 M.D.XV.
719 1398 941 1496 Registrum.
964 1395 1074 1476 Char.
1094 1394 1158 1467 lat.
1174 1421 1262 1471 cum
1282 1392 1386 1492 gloll.
1401 1421 1520 1496 marg.
1539 1397 1617 1473 fott.
1635 1428 1719 1504 229.
1742 1405 1827 1505 sign.
1848 1409 1888 1482 in

282 1535 366 1594 toto
382 1519 467 1617 237.
486 1517 550 1591 lin.
572 1532 710 1590 textus.
727 1518 784 1589 55.
810 1516 1023 1596 Comment.
1043 1515 1100 1610 69.
1117 1511 1143 1589 f.
1557 1508 1566 1515 “

398 1708 399 1711 ,
475 1659 604 1712 Panzeri
620 1653 726 1711 Annal.
746 1656 877 1728 Typogr.
897 1649 965 1708 T.8.
984 1672 1014 1725 p.
1022 1646 1085 1724 248.
1106 1652 1146 1706 N.
1156 1651 1225 1725 751.¹

380 1836 462 1918 241.
480 1870 530 1885 -
548 1824 857 1899 Diae-Catharr'ne
871 1821 1041 1920 Virginis
1056 1847 1125 1921 per
1144 1820 1303 1894 Petrum
1325 1820 1521 1924 Chalybem
1538 1825 1692 1904 heroica
1710 1832 1809 1911 vitae
1825 1837 1889 1914 de-

282 1947 446 2047 scriptio.
465 1989 512 2004 -
531 1950 637 2019 Item.
656 1944 747 2015 Vita
763 1944 811 2016 D.
833 1941 1032 2016 Barbarae.
1049 1981 1098 1998 -
1114 1939 1205 2014 Vita
1220 1941 1267 2012 D.
1294 1941 1451 2039 llrsulae.
1472 1986 1521 2001 —
1548 1946 1738 2023 Conlellio
1762 1955 1889 2052 publi·

281 2093 325 2140 ca
341 2108 390 2123 -
414 2064 598 2139 Salutatio
617 2060 808 2160 Angelica.
834 2103 883 2120 -
905 2059 1112 2158 Panegyris
1133 2058 1340 2131 Marrae-
1363 2061 1712 2159 Epigrammata-
1734 2071 1889 2149 niden·-

282 2210 345 2257 cus
362 2183 508 2281 Paypus
533 2179 788 2276 Nurenbergae
814 2175 1006 2276 imprellit.
1028 2218 1078 2233 -
1102 2177 1206 2250 Haec
1225 2176 1264 2248 in
1284 2174 1410 2251 fronte
1431 2179 1562 2278 lymbo
1581 2181 1695 2259 inciso
1722 2187 1887 2268 circum·

284 2300 447 2374 data—
466 2298 531 2371 fol.
550 2296 682 2370 eod.b.
708 2295 795 2369 icon
810 2293 1041 2393 Martyrium
1063 2295 1100 2367 8.
1126 2292 1348 2367 Catharinae
1375 2296 1646 2396 representans.
1670 2345 1711 2363 -
1748 2307 1812 2382 lol.
1827 2320 1888 2402 24.
1953 2369 1959 2377 .

280 2418 344 2491 lin.
365 2418 422 2490 ¹13.
444 2413 663 2515 imprellum
680 2441 727 2487 ex
743 2412 968 2512 Archetypo
985 2411 1234 2509 Noaabergae
1252 2438 1322 2511 per
1340 2413 1567 2491 exculloriae
1588 2421 1679 2495 artis
1696 2425 1888 2524 opificem

279 2537 454 2609 Frz'den'ci
470 2535 610 2633 Peypus
626 2534 741 2605 Anno
761 2530 806 2603 ab
825 2529 1008 2612 incarnati
1025 2529 1137 2624 ¹verbi
1153 2529 1330 2627 mysterio
1355 2531 1559 2622 milestmo,
1586 2539 1886 2639 quingentefimo

282 2652 431 2726 decimo
454 2668 493 2725 et
514 2651 649 2751 quinto
673 2649 734 2723 die
752 2673 845 2723 vero
865 2664 1000 2722 octavo
1022 2646 1155 2720 Marci.
1168 2689 1218 2705 -
1236 2648 1347 2722 Char.
1367 2649 1429 2724 lat.
1448 2653 1578 2749 grand.
1596 2672 1634 2730 et
1651 2658 1789 2759 splend.
1808 2664 1886 2742 foll.

280 2776 339 2859 24.
354 2795 434 2843 non
452 2768 539 2867 fign.
559 2768 620 2851 lin.
641 2767 700 2840 31.
723 2773 757 2856 4.

471 2910 600 2964 Panaeti
612 2905 717 2962 Annal.
736 2906 867 2982 Typogr.
887 2906 921 2961 T.
931 2923 1002 2980 9.·p.
1013 2904 1076 2978 546.
1095 2905 1136 2960 N.
1154 2906 1217 2962 115.
1235 2905 1264 2960 b.
1299 2912 1301 2916 '

374 3086 457 3167 242.
476 3122 526 3137 -
552 3077 730 3153 Contenta
743 3077 782 3150 in
801 3075 875 3149 hoc
899 3102 1017 3175 opere
1038 3073 1123 3149 lunt
1145 3075 1247 3148 haec.
1271 3077 1419 3150 Catones
1431 3099 1623 3183 praecepta
1646 3092 1803 3165 moralia
1827 3016 1888 3171 rei·

279 3196 430 3293 cognita
449 3211 561 3295 atque
578 3196 827 3293 interpretata
843 3192 888 3265 ab
904 3189 1056 3288 Erasrno
1071 3194 1320 3279 Ilotarodarno.
1337 3238 1384 3254 -
1398 3196 1508 3271 Mr'mi
1521 3200 1704 3280 Publr'ani.
1721 3251 1771 3267 -
1791 3213 1886 3314 Sep.
1968 3241 1971 3248 ·

280 3332 361 3387 tem
383 3311 594 3412 sapientum
618 3311 774 3414 illpllres
803 3309 1032 3382 Sententiae.
1056 3349 1105 3366 -
1136 3309 1312 3406 Institutio
1335 3312 1497 3388 hominis
1533 3320 1735 3416 Chrzstzam'
1754 3332 1885 3407 versib.

277 3429 520 3507 hexametris.
539 3455 609 3528 per
624 3425 813 3522 Erasmum
834 3427 1121 3500 Iloterodamum.
1140 3470 1190 3485 -
1206 3425 1374 3520 Isocratis
1397 3431 1609 3513 Paraenells
1637 3442 1684 3515 ad
1711 3445 1886 3525 Damani-

277 3577 354 3624 cum
373 3545 566 3646 liudolpho
582 3546 759 3643 Agricola
776 3543 1007 3643 interprete,
1025 3545 1220 3644 recognita
1239 3574 1309 3646 per
1317 3549 1515 3625 Martanum
1531 3555 1885 3657 Dameam-Haec

242 3669 249 3675 ”
275 3669 316 3742 in
335 3668 488 3752 fronte..
520 3664 638 3737 limbo
664 3661 870 3762 figurisque
894 3678 1036 3736 ornata.
1057 3707 1105 3720 —
1135 3665 1198 3738 fol.
1216 3665 1298 3738 eod.
1315 3665 1557 3746 utctumnt
1567 3675 1729 3773 Epistola
1742 3683 1787 3756 ad
1797 3686 1885 3759 Stu-

277 3786 400 3861 diolos
436 3782 640 3882 lublcripta
676 3809 698 3856 a
728 3780 973 3882 typographo
1002 3780 1080 3879 iplo
1108 3809 1154 3855 ex
1187 3780 1429 3880 Argentorato
1451 3788 1557 3864 XVl.
1584 3793 1666 3867 Kal.
1693 3797 1882 3886 Novemb.

275 3906 385 3979 MD.
396 3903 485 3976 XV.
500 3901 564 3975 fot.
579 3929 612 3974 2.
629 3899 818 3974 Praefatio
831 3899 873 3983 ,in
903 3901 1072 3971 Catonem
1099 3899 1172 3973 five
1193 3900 1302 3999 Epist.
1321 3904 1471 4000 Erasmz'
1482 3908 1719 3984 Boteradamr'
1734 3915 1778 3988 ad
1789 3918 1882 3992 Ioan

200 4111 204 4116 Α
275 4023 424 4094 Nerium
443 4018 768 4094 Hondiscotanum
784 4056 835 4076 -·
850 4017 912 4089 fol.
935 4023 993 4106 44.
1011 4016 1075 4090 lin
1092 4018 1150 4091 26.
1168 4017 1263 4091 linis.
1287 4019 1550 4119 Char..grand.
1571 4043 1611 4100 et
1632 4029 1785 4108 minulc.
1804 4036 1881 4114 loll.

271 4165 362 4212 non
380 4138 465 4236 fign.
489 4142 546 4225 44.
563 4136 627 4210 lin.
646 4135 723 4208 loll.
744 4134 945 4234 penultimi
961 4141 1019 4223 42.
1039 4142 1074 4224 4
1586 4150 1588 4155 ’

198 4281 201 4284 ⁴
451 4275 595 4338 ‚Panaeti
607 4273 713 4330 Annal.
731 4274 864 4350 Typogr.
885 4272 956 4330 Τ.6.
972 4275 1058 4350 p.75.
1076 4274 1115 4330 N.
1126 4276 1192 4349 4²3·

368 4445 450 4536 243.
464 4487 514 4503 -
527 4443 656 4518 larabi
664 4442 1266 4546 Henriclmanm‘Sindelfingenlls
1285 4450 1551 4546 grammaticae
1572 4455 1881 4540 institutiones.-

271 4565 497 4640 Exhortatio
516 4563 686 4639 eiusdem
704 4563 751 4638 ad
765 4591 907 4663 pueros
924 4580 969 4638 ut
985 4565 1224 4664 eloquentiae
1239 4565 1417 4664 studeant.
1434 4615 1484 4629 —
1500 4575 1574 4649 Ars
1591 4579 1880 4657 condendorum

271 4684 486 4760 carminum
505 4685 662 4756 Henrt'cr‘
675 4681 823 4756 Bebelii
837 4681 1067 4783 lullingenlts
1084 4700 1221 4784 poetae
1238 4684 1395 4762 laureati
1409 4715 1497 4764 cum
1514 4693 1770 4770 additionibus
1781 4702 1879 4773 mul-

271 4804 320 4880 tis
341 4831 411 4908 per
429 4820 604 4885 autorem
622 4801 744 4907 ipsum
769 4802 968 4904 emendata
987 4801 1198 4904 diligenter.
1212 4848 1259 4867 -
1284 4805 1564 4892 Hacemaaanes
1585 4828 1623 4887 et
1648 4813 1880 4892 observatio·

623 4923 626 4926 ,
1409 4925 1444 4999 L
1470 4929 1513 4998 2.
