4320 5700
271 581 316 650 50
677 594 917 654 CATALOGUS
944 593 1319 657 ommoonal’mcus
1345 596 1453 656 Mox.

266 773 360 847 belii
372 774 585 848 carminum
598 775 982 851 artem-emendatam
999 794 1066 851 etc.
1091 803 1136 851 ex
1152 804 1228 880 qua
1242 779 1415 879 priorem
1441 805 1461 853 a
1483 776 1594 852 nobis
1610 776 1757 855 editam
1778 781 1877 857 calli·

265 919 330 991 ges
347 892 472 967 velim.
494 936 538 951 -
559 895 662 968 Haec
679 895 718 968 in
734 895 860 970 fronte
874 938 923 952 —
939 896 1003 970 fol.
1020 896 1101 970 eod.
1121 896 1155 971 b.
1176 898 1340 998 Epistola
1356 897 1438 971 Joh.
1457 896 1666 970 Hiltebram
1694 897 1742 972 ad
1761 900 1878 976 lecto·

266 1037 350 1085 rem
369 1055 411 1070 -
428 1011 637 1114 lequuntur
654 1011 897 1114 Epigramata
915 1030 984 1089 etc.
1003 1054 1050 1071 -
1069 1016 1132 1090 sol.
1154 1044 1181 1090 r.
1199 1017 1284 1116 sign.
1303 1014 1507 1116 gramatica
1529 1014 1622 1115 ipla:
1640 1056 1687 1073 --
1711 1016 1777 1092 fol.
1800 1022 1877 1094 125.

266 1132 328 1205 liu.
348 1132 570 1231 gramaticae
589 1132 837 1211 institutiones
857 1161 945 1209 cum
964 1136 1004 1207 in
1023 1134 1255 1235 epigramata
1274 1133 1462 1209 annotatis
1483 1133 1657 1234 impcnfis
1676 1135 1807 1236 proidi
1826 1138 1879 1212 vi·

267 1252 300 1324 ri
326 1251 472 1325 domini
496 1252 602 1325 Joan.
625 1251 839 1326 Knoblouch
863 1253 955 1326 civis
982 1252 1265 1352 Argentinenfis
1287 1253 1326 1326 in
1352 1251 1507 1326 officina
1531 1252 1700 1327 industrii
1729 1257 1884 1330 Henn'ci

271 1372 370 1444 Gran
387 1372 426 1443 in
446 1370 589 1469 oppido
611 1369 797 1468 imperiali
813 1374 996 1470 Hagenou
1017 1370 1189 1470 imprelle
1209 1397 1309 1445 anno
1336 1370 1476 1470 gratiae
1501 1370 1553 1444 M.
1564 1371 1611 1444 D.
1622 1370 1671 1446 X.
1689 1371 1730 1446 in
1748 1374 1879 1474 vigilia

268 1492 302 1563 S.
321 1489 436 1561 Pauli
451 1487 588 1561 finiunt
604 1487 774 1562 feliciter.
793 1532 840 1546 -
859 1491 922 1563 fol.
946 1489 1022 1564 126.
1044 1489 1228 1591 Sequitur
1257 1489 1371 1563 index
1394 1488 1608 1564 lectionem.
1634 1489 1749 1568 Char.
1773 1492 1874 1591 goth.

269 1608 345 1681 foll.
363 1633 441 1679 non
458 1605 542 1704 fign.
568 1604 644 1677 128.
664 1605 727 1678 lin.
747 1615 806 1697 41.
827 1615 859 1699 4.

462 1757 613 1811 Ponzorus
632 1752 709 1807 hanc
726 1749 881 1805 editionem
899 1746 1004 1802 insuia
1023 1746 1174 1803 annalibus
1191 1764 1250 1802 non
1269 1744 1419 1811 exlribuit;
1438 1745 1525 1800 ctiam
1545 1744 1617 1802 alibi
1634 1764 1695 1802 non
1713 1749 1876 1805 recentium

560 1847 700 1912 invenio,
718 1842 851 1918 quamvis
870 1840 974 1896 abillo
990 1840 1028 1895 N.
1047 1835 1107 1895 128.
1126 1837 1256 1896 indicata
1273 1840 1387 1915 penitus
1403 1836 1528 1894 differat.

372 2033 703 2138 144.-Irffeplrus
722 2034 768 2108 de
789 2030 1076 2132 antiquitatibus
1095 2056 1137 2103 ac
1161 2028 1329 2103 debello
1350 2025 1501 2125 judaico
1524 2066 1568 2085 -
1592 2026 1757 2102 Haecin
1779 2028 1879 2103 fron·

270 2182 307 2238 te
326 2201 370 2217 -·
389 2158 572 2260 Sequitur
594 2155 721 2229 tabula
739 2152 785 2226 de
804 2147 1092 2250 antiquitatibus
1112 2189 1154 2204 -
1172 2147 1234 2220 fol.
1252 2173 1333 2244 270.
1354 2145 1389 2218 b.
1410 2145 1473 2219 lin.
1494 2151 1551 2234 4ι.
1572 2146 1878 2246 HaeJosephz'hi·

116 2319 119 2326 ·
160 2314 163 2319 ·
269 2280 398 2355 storias
416 2274 631 2374 diligentius
649 2272 770 2345 multo
793 2267 951 2343 caeteris
964 2265 1179 2339 emendatas
1195 2265 1352 2336 Venetriir
1369 2261 1523 2337 excullit
1534 2262 1668 2337 formis
1685 2265 1878 2363 Gregorrirs

273 2399 319 2473 de
337 2395 522 2492 Gregoriis
544 2416 642 2464 anno
660 2387 785 2462 salutis
808 2386 861 2458 M.
873 2385 919 2458 D.
930 2384 978 2458 X.
1002 2382 1062 2456 die
1087 2381 1236 2455 XXIX.
1264 2380 1414 2486 Mensis,
1432 2379 1624 2457 Octobris,
1656 2381 1881 2482 Regilirum.

273 2516 385 2588 Char.
403 2513 480 2586 latt.
501 2509 577 2581 foll.
602 2532 684 2604 270.
707 2505 793 2603 fign.
814 2503 877 2577 lin.
897 2503 955 2577 55.
974 2500 997 2574 f.

463 2648 593 2705 Panzerr'
609 2645 714 2700 Annal.
734 2645 867 2720 Typogr.
886 2642 921 2696 Τ.
929 2637 957 2696 8.
977 2659 1006 2716 p.
1017 2650 1080 2712 4⁰²·
1102 2639 1141 2696 N.
1151 2641 1215 2711 513.

371 2846 448 2934 ι45.
469 2883 516 2901 -
536 2810 801 2912 Commentario
820 2831 1071 2930 Epistolarum
1088 2826 1409 2903 conficiendarum
1420 2830 1576 2936 Henrr'cr’
1588 2825 1883 2905 BebeliiJustin·

272 2963 388 3064 genfis
398 2964 538 3035 Poetae
555 2953 713 3030 laureati
725 2949 915 3051 poeticam
937 2962 975 3022 et
991 2946 1200 3021 oratoriam
1219 2948 1433 3045 profitentis
1456 2949 1494 3022 in
1516 2947 1635 3022 studio
1648 2946 1883 3048 Tubingenfi

275 3098 409 3154 contra
426 3072 644 3177 epistolandi
664 3069 800 3167 modos
821 3067 949 3139 Pontii
969 3080 1008 3138 et
1031 3065 1214 3151 aliorum,
1245 3080 1379 3139 contra
1405 3065 1577 3166 epistolas
1608 3067 1754 3153 Caroli,
1778 3094 1883 3142 com·

274 3195 461 3270 mentaria
482 3193 528 3266 de
543 3190 718 3265 abufione
736 3189 886 3287 linguae
906 3183 1041 3259 latinae
1060 3182 1162 3283 apud
1180 3183 1393 3256 Germanos
1407 3198 1445 3257 et
1462 3181 1509 3257 de
1528 3182 1767 3284 proprietate
1785 3185 1884 3260 eius·

276 3309 713 3391 dem-Vocabularius
731 3307 965 3407 optimarum
985 3302 1197 3378 dictionum
1213 3317 1282 3375 etc.
1307 3343 1350 3359 ·—
1376 3301 1566 3402 appendix
1588 3302 1886 3390 commentario,-

273 3459 364 3510 rum
382 3429 496 3502 index
517 3427 577 3500 seu
595 3425 792 3522 registrum
814 3421 1180 3495 commentariorum
1201 3419 1352 3493 Bebelr'r'.
1373 3463 1424 3479 -
1439 3421 1550 3495 ‘Haec
1571 3419 1702 3496 omnia
1716 3421 1758 3494 in
1777 3422 1884 3495 fron·

274 3568 324 3627 te.
344 3589 394 3609 -
408 3548 471 3621 fol.
490 3544 572 3620 eod.
595 3543 641 3617 ad
658 3542 783 3614 illustr.
802 3538 1026 3612 Udalricum
1048 3537 1421 3635 Wurtebergenlem
1445 3539 1603 3612 Henrr'ci
1624 3536 1775 3641 Balatu·
1790 3539 1883 3640 Epi-

274 3670 373 3748 llola.
394 3710 444 3725 -
463 3665 527 3739 fol.
551 3692 578 3739 1.
596 3663 631 3735 b.
653 3657 788 3758 incipit
808 3656 946 3730 modus
970 3698 1021 3714 -
1044 3656 1106 3729 lol.
1126 3656 1203 3729 165.
1228 3656 1263 3729 b.
1284 3654 1450 3729 Phorcae
1473 3656 1514 3730 in
1540 3656 1695 3731 aedibus
1718 3644 1893 3756 Anselmi

276 3787 457 3886 Badensr's
477 3784 593 3858 Anno
610 3779 718 3852 MD.
731 3778 779 3850 X.
798 3775 922 3849 mense
939 3774 1091 3849 Martio
1112 3773 1242 3873 lnfign.
1270 3789 1422 3873 typogr.
1443 3774 1487 3847 A.
1502 3776 1543 3847 Β.
1562 3816 1605 3832 -
1624 3774 1686 3849 fol.
1709 3775 1788 3848 166,
1805 3798 1889 3849 non

276 3911 363 4011 fign.
380 3903 549 4007 sequitur
577 3898 691 3973 index
719 3896 781 3970 seu
809 3892 1020 3994 Regillrum
1050 3892 1417 3967 commentariorum
1444 3892 1761 3999 Bebelianorum:
1788 3892 1886 3968 finit.

278 4028 342 4104 fol.
371 4027 448 4101 182.
464 4023 499 4098 b.
515 4020 579 4096 lin.
597 4025 654 4111 41.
674 4013 873 4090 Zuchoms.
903 4011 1014 4114 Char.
1039 4012 1143 4112 goth.
1164 4026 1201 4087 et
1218 4011 1280 4086 lat.
1297 4010 1360 4085 fol.
1387 4037 1491 4086 num.
1518 4029 1556 4088 et
1570 4038 1650 4087 non
1670 4035 1774 4084 num.
1804 4009 1887 4084 185.

281 4146 345 4221 lin.
357 4152 415 4235 4ο.
436 4149 470 4233 4.
492 4143 556 4214 Ex
571 4138 782 4214 collectione
798 4130 1036 4205 Herbizrbna.

476 4281 603 4335 Panzeri
618 4276 724 4333 Annal.
742 4277 876 4350 Typogr.
897 4272 932 4332 T.
942 4266 971 4327 8.
986 4289 1014 4346 p.
1033 4284 1094 4341 231.
1112 4269 1153 4326 N.
1162 4270 1207 4325 32.
1225 4268 1323 4323 differt
1347 4269 1434 4324 etiam
1458 4268 1491 4325 in
1510 4267 1661 4326 nonnullis
1686 4263 1889 4322 additionibus

572 4369 608 4424 ab
627 4369 786 4446 exemplari
806 4362 886 4423 1508.
905 4363 1038 4439 imprello
1054 4379 1081 4418 et
1098 4363 1137 4419 N.
1147 4381 1192 4438 97.
1209 4361 1349 4416 iudicato.

384 4562 461 4652 ι46.
478 4601 529 4618 ·-
547 4557 586 4632 P.
607 4558 755 4654 Virgilii
768 4556 934 4632 Maronis
953 4551 1094 4627 Aeneia
1114 4578 1201 4626 cum
1215 4551 1389 4626 familiari
1407 4551 1640 4652 expofitione
1652 4591 1704 4609 -·
1721 4549 1903 4635 Annexo

283 4710 439 4789 quoque
459 4678 736 4756 vocabulorum
763 4674 887 4748 indice
914 4673 1018 4744 iuxta
1039 4669 1170 4743 seriem
1189 4670 1404 4771 Alphabeti.
1419 4713 1469 4730 -
1496 4671 1602 4747 Haec
1623 4670 1664 4745 in
1684 4668 1820 4743 fronte.
1839 4710 1891 4727 -

286 4805 348 4880 fol.
368 4830 401 4881 2.
416 4800 581 4904 Epillola
593 4799 691 4874 loon
714 4794 840 4871 Schotr‘
853 4790 898 4868 ad
916 4791 1100 4865 lectorem
1126 4831 1173 4849 -
1203 4790 1265 4865 fol.
1292 4790 1374 4888 370.
1396 4791 1438 4864 B.
1465 4788 1528 4866 lin.
1553 4792 1586 4866 5.
1611 4784 1764 4889 Maphei
1784 4783 1896 4881 Vegei'
