4320 5700
274 581 305 640 x
613 616 617 627 -
887 567 1289 666 -—>0‹--

188 766 192 772 ’
286 759 380 835 item
405 785 495 835 cum
512 761 659 863 virgine
674 763 795 839 nobili
812 763 1078 866 argentinensi,
1107 764 1371 840 verosnniliter
1396 763 1632 840 matrimonii
1656 765 1781 852 causa,
1810 767 1885 842 im-

269 921 424 1022 plicitns
443 921 522 997 fuit.

368 1264 454 1339 Hoc
476 1261 553 1362 ipso
574 1278 769 1365 tempore,
786 1289 864 1363 quo
880 1263 974 1337 haec
991 1262 1037 1336 lis
1053 1277 1186 1338 contra
1204 1261 1326 1364 ipsum
1343 1279 1448 1338 mota
1467 1278 1662 1362 ageretur,
1692 1264 1773 1362 jam
1790 1267 1884 1343 artis

241 1395 245 1406 Ι
275 1421 573 1525 typographicae
598 1424 786 1524 primitias
811 1425 907 1499 clam
927 1424 1090 1498 'molitus
1116 1428 1185 1510 est;
1209 1422 1271 1498 sed
1296 1451 1384 1498 cum
1407 1407 1569 1523 propter
1586 1425 1683 1501 aeris
1710 1424 1884 1524 inopiam

270 1583 361 1658 huic
379 1583 488 1683 operi
504 1584 744 1684 persiciendo.
756 1597 835 1679 non
851 1583 1040 1658 sufficiens
1060 1582 1147 1658 esset
1163 1583 1280 1669 solus,
1297 1581 1418 1657 socios
1439 1583 1629 1670 adhibuit,
1667 1585 1733 1685 qni
1763 1612 1880 1685 pecu-

271 1743 336 1820 nia
351 1770 440 1819 eum
460 1722 655 1845 operaqire
671 1744 855 1820 iuvarent.

349 2080 447 2155 'Hos
471 2079 708 2167 intersocios
725 2080 861 2155 exstitit
879 2079 1048 2153 Andreas
1063 2079 1286 2154 Drr'zhemits
1304 2081 1397 2156 civis
1417 2078 1700 2179 Argentinensia
1722 2137 1753 2186 ,χ
1770 2081 1881 2158 cuius

270 2243 312 2317 in
330 2239 446 2316 domo
460 2240 628 2315 officina*
635 2240 914 2341 typographica
926 2238 1052 2315 suerat
1069 2241 1261 2315 collocata.
1289 2240 1494 2314 Drizhem'o
1516 2266 1597 2315 non
1619 2242 1741 2316 multo
1760 2246 1881 2342 poste

268 2403 367 2481 vivis
386 2416 520 2502 erepto
536 2400 810 2499 Guttenbergius
827 2401 1073 2475 Beildccln'um
1090 2400 1277 2477 famulum
1297 2398 1406 2476 suum
1428 2399 1476 2475 ad
1503 2401 1699 2476 Nicolaum
1724 2401 1879 2478 Drr'zhe:

270 2564 372 2636 mam
392 2561 550 2637 fratrem
567 2557 809 2659 superstitem
817 2560 930 2648 mist,
950 2587 1038 2636 cum
1055 2561 1253 2650 mandata,
1278 2577 1323 2636 ut
1340 2561 1404 2635 hic
1427 2562 1601 2663 paginas,
1628 2577 1794 2663 quatuor
1811 2562 1881 2637 sub

273 2723 382 2824 prelo
401 2720 524 2797 adhuc
536 2720 702 2817 jacentes
725 2721 926 2807 aufferret,
951 2748 1110 2823 easque,
1128 2747 1176 2795 ne
1200 2721 1287 2822 quis
1303 2721 1394 2797 artis
1410 2720 1496 2799 suae
1515 2748 1651 2798 arcana
1664 2720 1880 2825 perspicere

149 2898 155 2921 ¹
183 2871 188 2881 ⁴
273 2880 411 2983 posset,
433 2880 474 2954 in
490 2896 619 2982 partes
639 2880 868 2956 distraheret.
898 2866 960 2977 ⁴11)

305 3586 309 3592 ’
378 3605 426 3672 10)
446 3602 522 3656 Gens
536 3597 734 3674 genufleischia
752 3599 974 3674 appellationem
989 3600 1049 3658 >fine
1074 3597 1163 3653 dubio
1182 3597 1332 3670 acquisivit
1348 3615 1365 3650 a
1383 3595 1508 3670 quadam
1524 3596 1610 3679 hujus
1626 3598 1754 3655 nominis
1771 3600 1885 3656 familia

280 3718 472 3792 moguntina:
494 3733 569 3788 quae
584 3731 672 3787 quum
691 3711 755 3768 ess'et
773 3713 941 3780 numerosa,
967 3713 1063 3788 plures
1082 3714 1113 3767 in
1133 3731 1165 3768 ca
1181 3710 1373 3766 distinctionis
1390 3711 1474 3766 causa
1493 3710 1574 3766 aliud
1589 3712 1639 3768 fibi
1658 3731 1818 3786 cognomen
1835 3715 1883 3770 ad·

280 3831 409 3900 scivere,
425 3829 526 3906 qualia
543 3829 624 3882 sunt:
644 3847 702 3885 zur,
718 3827 840 3894 Laden,
860 3829 1033 3903 Guttenberg
1052 3844 1079 3883 et
1093 3828 1259 3902 Sorgenloo.
1277 3824 1393 3882 Constat
1412 3828 1489 3881 enim
1504 3845 1566 3882 eam
1580 3826 1698 3882 ineunte
1715 3828 1881 3903 saecu-1014.

280 3949 358 4003 inter
374 3911 682 4023 patiiciaaprimum,
699 3958 767 3996 mox
785 3957 812 3996 et
828 3939 940 3997 nobiles
957 3942 1084 3998 familias
1100 3942 1286 4016 moguntinas
1312 3939 1412 3996 locum
1435 3939 1561 3996 tenuisse.
1590 3962 1616 3998 ν.
1638 3940 1753 3995 Gradena·
1780 3942 1881 3998 Codex
1962 3951 1964 3955 '

282 4061 445 4135 Diplomat.
468 4081 498 4136 p.
509 4059 573 4132 524.
588 4042 715 4116 Joaimis
729 4056 878 4132 scriptores
894 4075 991 4113 rerum
1007 4072 1138 4132 mogunt.
1158 4057 1242 4111 Tom.
1254 4035 1309 4111 isi.
1329 4055 1363 4110 de
1380 4034 1571 4130 patriciorrim
1588 4070 1666 4127 mog.
1684 4052 1752 4109 sam.
1770 4074 1798 4128 p.
1816 4056 1882 4126 456.

283 4173 407 4230 Koetter
425 4172 642 4250 Ehrenrettung
664 4172 861 4249 Guttcnbergs.
881 4191 909 4249 p.
921 4172 965 4228 15.
982 4173 1052 4227 item
1068 4166 1114 4227 80.
1130 4171 1169 4226 Ν,
1183 4188 1226 4226 12.
1246 4187 1272 4226 et
1287 4191 1316 4245 p.
1331 4165 1377 4226 81.
1395 4171 1434 4226 N.
1447 4171 1489 4226 13.

381 4429 428 4497 ιι)
457 4421 632 4498 Schocpstini
655 4424 906 4479 Documentorum
930 4423 969 4479 N.
988 4439 1014 4478 2.
1039 4441 1068 4498 p.
1084 4421 1112 4477 5.
1136 4426 1164 4493 s.
1182 4439 1210 4476 a.
1237 4451 1271 4463 -—
1298 4419 1425 4475 Andreas
1451 4420 1610 4476 Dritzehcn
1635 4420 1708 4494 selig
1733 4418 1784 4474 hat
1812 4438 1880 4476 1111

283 4538 389 4597 Stiiclre
404 4541 456 4594 inn
475 4539 555 4594 einer
569 4535 678 4592 Prelscn
697 4535 812 4612 liegen,
831 4531 868 4592 do
882 4535 934 4591 hat
950 4537 1116 4613 Gutanberg
1130 4534 1280 4612 gabauan,
1305 4534 1354 4590 dac
1376 4534 1404 4587 ir
1430 4533 1478 4590 dic
1492 4533 1538 4589 usa
1558 4530 1739 4588 der'Prcffen
1767 4548 1881 4588 nement

282 4654 344 4712 und
360 4654 408 4709 dia
426 4671 488 4709 von
502 4650 640 4711 einander
656 4649 754 4730 legent
770 4651 816 4711 uff
829 4651 878 4712 das
894 4669 961 4712 man
977 4652 1025 4709 nie
1041 4652 1178 4728 gewissen
1194 4648 1292 4718 iruna,
1309 4667 1373 4710 was
1389 4668 1418 4706 ea
1434 4650 1486 4722 sy,
1505 4649 1582 4705 darm
1598 4667 1629 4705 cr
1643 4645 1695 4705 hat
1711 4646 1760 4704 nie
1780 4665 1886 4722 geme,

281 4767 332 4828 alas
350 4772 398 4830 das
415 4767 530 4851 jemand
545 4767 622 4826 thee
