4320 5700
273 570 342 643 156
669 584 909 646 carnosus
935 584 1539 647 mattocttammestatnxxxfl.

269 766 332 841 lin.
354 766 412 853 54.
442 764 527 837 finis
557 765 741 865 Epistulae
766 766 813 840 ad
838 766 1025 842 Hebreos.
1052 769 1226 842 Coloniae
1251 764 1429 868 impenfis'
1454 763 1528 839 suis
1554 763 1728 865 propriis
1753 764 1875 837 Petras

274 882 444 985 Quentell
460 883 670 958 excudebat
690 885 741 957 M.
752 885 800 958 D.
811 885 978 959 XXXll.
1007 886 1125 962 Sexto
1146 885 1233 961 ldus
1250 883 1391 961 Martii.
1413 883 1524 957 Char.
1544 883 1606 957 lat.
1636 880 1738 982 gloss.
1762 908 1875 981 marg.

272 1001 346 1074 soll.
376 1008 452 1091 ¹4⁰·
474 1002 560 1102 stgn.
579 1002 618 1076 in
636 1019 731 1077 toto.
757 1006 835 1093 146.
854 1003 916 1077 lin.
935 1006 992 1078 60.
1014 1005 1036 1077 s.

462 1144 591 1199 Panaeti
608 1142 714 1200 Annas.
734 1144 866 1217 Typogr.
883 1145 921 1203 T.
931 1143 958 1198 6.
975 1163 1003 1219 p.
1011 1140 1076 1216 418.
1095 1143 1133 1199 N.
1142 1138 1205 1199 638.

364 1312 446 1386 506.
471 1352 518 1368 -
540 1320 807 1394 ΕΞΗΓΗΣΕΙΣ
825 1327 1023 1395 uanam
1040 1330 1120 1395 uer
1136 1328 1248 1395 amu
1267 1324 1520 1395 nouatum
1543 1355 1592 1368 —
1618 1309 1881 1411 Exposstiones

270 1429 447 1529 antiquae
466 1457 508 1504 ac
530 1430 638 1505 valde
655 1431 767 1504 utiles
786 1431 1015 1506 brevitatem
1031 1458 1106 1506 una
1125 1459 1213 1507 curn
1235 1431 1502 1534 perspicuitate
1522 1428 1709 1505 habentes
1729 1426 1880 1507 mirabi-

270 1549 366 1633 lem,
395 1573 440 1619 ex
470 1547 622 1621 diverfis
640 1546 856 1623 sanctorum
879 1564 1034 1650 patrum
1057 1550 1340 1625 commentariis
1362 1550 1408 1625 ab
1437 1549 1655 1624 Oecumenio
1681 1563 1721 1621 et
1743 1545 1882 1619 Aretho

270 1665 449 1738 collectae
473 1664 511 1736 in
526 1662 637 1738 hosce
660 1665 751 1739 novi
770 1666 979 1741 testamenti
1000 1683 1192 1743 tractatus.
1223 1668 1434 1741 Oecumanr'i
1447 1667 1604 1768 quidem
1624 1665 1664 1738 in
1679 1680 1764 1739 acta
1782 1665 1884 1765 Apo-

268 1783 457 1856 stolorum.
480 1786 523 1856 ln
538 1781 682 1881 septem
699 1784 869 1883 epistolas
893 1812 991 1885 quae
1007 1785 1227 1860 Catholicae
1256 1785 1446 1859 dicuntur.
1470 1789 1513 1859 ln
1525 1783 1886 1857 PauliomnesAre-

272 1900 360 1972 thae
381 1926 474 1973 vero
491 1899 530 1972 in
546 1901 706 1975 Joannr's
724 1902 987 2004 Apocalypsrm.
1017 1904 1177 1977 Veronae
1203 1902 1495 1978 M.D.XXXll.
1523 1902 1613 1975 Non
1635 1899 1713 2009 sine
1729 1900 1885 2002 privile·

271 2018 334 2119 gio
358 2019 575 2120 mulctaque
605 2020 852 2122 pecuniaria,
883 2036 921 2095 et
948 2021 1354 2096 excommunicationis
1378 2047 1505 2121 poena
1524 2045 1598 2119 pro
1623 2017 1732 2093 utin
1757 2019 1886 2094 multis

272 2138 406 2213 nostris
421 2138 630 2239 privilegiis
647 2141 879 2215 continetur.
899 2183 949 2199 -
974 2141 1078 2214 Haec
1104 2139 1143 2213 in
1167 2140 1304 2214 fronte.
1330 2139 1444 2214 Tom'.
1470 2167 1498 2214 1.
1525 2138 1592 2211 fot.
1607 2162 1640 2210 2.
1659 2136 1695 2209 b.
1722 2138 1889 2237 Epistola

274 2257 430 2331 maximi
454 2258 598 2331 Donati
615 2258 845 2334 Veronensts
866 2258 913 2332 ad
933 2260 1147 2331 Clementem
1175 2256 1378 2358 septimum
1397 2256 1641 2332 Pontificem·
1660 2254 1714 2313 4-
1738 2254 1889 2329 Turnus

273 2376 423 2475 primus
449 2376 532 2449 finit
553 2404 588 2476 p.
608 2380 690 2476 495.
718 2378 781 2451 lin.
801 2379 859 2466 34.
881 2377 1018 2451 verbo:
1044 2386 1204 2454 Tmolia
1236 2417 1286 2433 —
1320 2374 1469 2451 Tomus
1498 2372 1693 2448 sccundus.
1724 2398 1764 2470 p.
1788 2380 1887 2459 ¹⁰¹4·

273 2494 381 2592 lin.9.
410 2493 569 2567 Veronae
587 2494 686 2593 apud
705 2492 925 2594 Stephanum
945 2509 984 2568 et
1003 2493 1138 2568 fratres
1160 2492 1299 2566 Sabim.
1326 2493 1379 2566 M.
1391 2494 1439 2566 D.
1450 2492 1621 2566 XXXll.
1636 2488 1769 2564 Mense
1778 2490 1888 2565 Febr.
1920 2528 1927 2535 ·

272 2638 352 2684 non
370 2611 443 2685 stne
461 2610 668 2710 Privilegio
685 2613 902 2713 mulctaque
922 2610 1142 2712 pecuniaria
1155 2624 1223 2684 etc.
1244 2611 1357 2683 Char.
1378 2635 1500 2709 graec.
1520 2606 1656 2709 glossae
1665 2632 1788 2707 marg.
1805 2634 1886 2709 pag.
1968 2594 1974 2601 ¹

275 2732 432 2819 signatae
455 2738 558 2820 1014.
580 2729 1141 2804 intoto1038.Litter.initiat
1163 2728 1291 2828 operis
1310 2727 1421 2828 ipsius
1441 2727 1591 2802 rubrae.
1614 2725 1678 2801 lin.
1709 2724 1769 2800 38.
1795 2725 1818 2800 s.

474 2872 598 2925 Panaeri
614 2869 718 2925 Annnl.
739 2870 870 2943 Typogr.
898 2870 933 2922 T.
946 2869 972 2924 6.
1000 2890 1027 2942 p.
1042 2868 1101 2921 562.
1125 2867 1217 2922 Nar.
1239 2868 1341 2922 Mein.
1371 2870 1407 2923 T.
1420 2884 1445 2922 2.
1471 2887 1498 2941 p.
1508 2866 1573 2939 766.
1595 2864 1658 2923 sud.
1671 2868 1696 2921 1.
1714 2864 1805 2939 p.66.
1822 2884 1892 2940 opu·

567 2981 723 3037 perrarum.

387 3133 470 3206 506.
503 3159 538 3207 a.
574 3172 621 3191 -
660 3130 854 3236 Quadrans
879 3131 1024 3230 Aproni
1041 3125 1297 3225 astronomicus
1323 3148 1362 3206 et
1384 3131 1461 3228 jam
1483 3156 1616 3207 recens
1646 3131 1830 3217 inventus
1855 3156 1896 3215 et

275 3274 378 3322 nunc
398 3251 567 3350 primum
588 3251 722 3327 editus.
736 3291 785 3309 -
804 3249 905 3325 Huic
927 3247 1102 3347 adjuncta
1118 3244 1203 3323 sunt
1219 3264 1257 3324 et
1278 3249 1351 3324 alia
1367 3249 1614 3327 instrumenta
1628 3252 1896 3333 observatoria

275 3367 435 3467 perinde
453 3395 576 3455 nova,
597 3369 886 3444 adcommodata
905 3368 1011 3442 horis
1031 3366 1283 3442 discernendis
1301 3366 1500 3442 nocturnis
1525 3367 1631 3444 simul
1659 3387 1700 3447 et
1721 3372 1893 3459 diurnis.

276 3486 353 3586 idq.
375 3486 531 3571 casole,
552 3487 661 3573 luna,
680 3485 825 3586 stellisq.
847 3503 931 3559 tum
950 3486 1118 3571 erraticis
1136 3502 1220 3559 turn
1239 3484 1343 3572 fixis,
1363 3485 1410 3559 ad
1428 3512 1597 3586 quorum
1614 3504 1747 3567 tarnen
1762 3492 1898 3593 cogni·

279 3603 427 3679 tionem
445 3603 545 3704 cuiq.
564 3603 659 3678 citra
684 3628 840 3677 omnem
856 3605 1116 3703 praeceptoris
1140 3629 1299 3703 operam
1320 3603 1429 3678 facile
1451 3604 1656 3703 pervenire
1681 3609 1827 3687 licebit.
1848 3650 1898 3669 -

277 3724 428 3800 Deinde
446 3722 655 3799 altitudinis
674 3723 789 3798 etiam
816 3722 1025 3810 distantiae,
1053 3721 1400 3823 profunditatisque
1426 3739 1654 3821 puteorum,
1685 3728 1898 3831 turriumq-

278 3846 342 3920 seu
354 3842 616 3929 aedificiorum
636 3842 803 3917 adnexae
820 3840 905 3916 sunt
921 3839 1181 3930 dimensiones,
1199 3857 1239 3917 et
1257 3866 1442 3942 aquarum
1457 3866 1574 3944 quoq.
1591 3866 1639 3921 ex
1658 3856 1796 3923 monte
1813 3874 1896 3923 uno

279 3966 320 4038 in
337 3965 454 4039 aliurn
475 3960 734 4045 deductiones.
755 4004 800 4019 -
819 3961 889 4035 His
909 3961 1086 4035 omnibus
1103 3960 1273 4044 accedit,
1305 3986 1382 4060 quo
1400 3976 1513 4057 pecto
1532 3988 1603 4061 per
1620 3960 1824 4063 speculum
1845 3966 1900 4041 al-

280 4082 463 4156 titudines
483 4085 756 4154 structurarum
771 4078 885 4152 variis
910 4078 1033 4152 modis
1064 4077 1236 4176 cognosci
1261 4093 1411 4177 queant.
1439 4080 1488 4153 Et
1509 4080 1706 4179 quomodo
1730 4082 1897 4158 extenfis

282 4215 399 4271 noctu
421 4198 546 4296 digitis
572 4196 759 4299 (naturali
780 4195 967 4296 quodam,
990 4195 1096 4295 quod·
1109 4211 1147 4269 et
1164 4197 1351 4293 Diogenes
1370 4195 1642 4287 admiraretur,
1670 4198 1902 4277 instrumen-

284 4318 353 4411 to)
381 4316 542 4413 lingulae
563 4315 681 4390 horae
697 4314 819 4388 noctis
843 4312 1032 4388 observari
1052 4313 1254 4413 commode
1272 4294 1418 4414 possint.
1438 4358 1486 4375 -
1503 4313 1607 4415 Cum,
1627 4316 1751 4416 gratia
1764 4319 1903 4399 etPri-

285 4432 425 4531 vilegio
449 4431 642 4519 caesareo,
678 4433 786 4507 cuius
819 4433 1015 4533 exemplar
1038 4422 1225 4532 adillctum
1246 4434 1295 4506 est
1322 4431 1903 4537 Astronomicosmperatorio,

285 4551 390 4655 quod
409 4551 484 4625 iam
500 4576 632 4625 recens
651 4552 849 4627 edidimus.
868 4553 982 4625 Anno
1002 4552 1053 4625 M.
1064 4550 1287 4625 D.XXXll.
1308 4594 1358 4609 -
1378 4550 1484 4625 Haec
1500 4551 1539 4626 in
1556 4552 1684 4647 fronte
1699 4552 1792 4631 'cum
1803 4558 1904 4657 sigu-

285 4701 329 4747 ra
343 4670 563 4774 quadrantis
581 4671 627 4753 ab
640 4674 786 4772 Aptano
802 4670 849 4745 ad
868 4670 1098 4745 elevationes
1113 4669 1192 4767 poli
1204 4670 1315 4743 activi
1330 4671 1456 4744 50:51.
1469 4672 1525 4744 52.
1544 4670 1733 4771 graduum
1744 4672 1903 4749 facti.-

287 4792 348 4866 fol.
369 4820 399 4865 a.
415 4790 576 4892 Epistola
594 4789 696 4863 Petri
708 4790 852 4888 Apr'ani
874 4786 919 4861 ad
943 4786 1059 4863 Mat.
1087 4788 1355 4863 Zimrnarmann
1375 4786 1542 4865 Caesaris
1559 4790 1831 4868 secretarium.
1856 4836 1903 4855 -
