<?xml version="1.0" encoding="UTF-8"?>
<!DOCTYPE html PUBLIC "-//W3C//DTD XHTML 1.0 Transitional//EN"
    "http://www.w3.org/TR/xhtml1/DTD/xhtml1-transitional.dtd">
<html xmlns="http://www.w3.org/1999/xhtml" xml:lang="en" lang="en">
 <head>
  <title>
</title>
<meta http-equiv="Content-Type" content="text/html;charset=utf-8" />
  <meta name='ocr-system' content='tesseract 3.04.00' />
  <meta name='ocr-capabilities' content='ocr_page ocr_carea ocr_par ocr_line ocrx_word'/>
</head>
<body>
  <div class='ocr_page' id='page_1' title='image "./catalogusbiblio03biblgoog_0241.png"; bbox 0 0 4320 5700; ppageno 0'>
   <div class='ocr_carea' id='block_1_1' title="bbox 290 580 1570 666">
    <p class='ocr_par' dir='ltr' id='par_1_1' title="bbox 290 580 1570 666">
     <span class='ocr_line' id='line_1_1' title="bbox 290 580 1570 666; baseline -0.002 -27"><span class='ocrx_word' id='word_1_1' title='bbox 290 589 358 666; x_wconf 84' lang='lat'><strong>192</strong></span> <span class='ocrx_word' id='word_1_2' title='bbox 649 583 889 645; x_wconf 72' lang='lat' dir='ltr'><strong>cararoeus</strong></span> <span class='ocrx_word' id='word_1_3' title='bbox 913 582 1290 643; x_wconf 73' lang='lat' dir='ltr'><strong>eranooatrnrcus</strong></span> <span class='ocrx_word' id='word_1_4' title='bbox 1311 580 1570 643; x_wconf 73' lang='lat' dir='ltr'><strong>mccccxerv.</strong></span> 
     </span>
    </p>
   </div>
   <div class='ocr_carea' id='block_1_2' title="bbox 287 758 1896 1221">
    <p class='ocr_par' dir='ltr' id='par_1_2' title="bbox 287 758 1896 1221">
     <span class='ocr_line' id='line_1_2' title="bbox 287 758 1896 866; baseline 0 -33"><span class='ocrx_word' id='word_1_5' title='bbox 287 760 390 835; x_wconf 85' lang='lat' dir='ltr'><strong>Horb</strong></span> <span class='ocrx_word' id='word_1_6' title='bbox 405 761 665 863; x_wconf 83' lang='lat' dir='ltr'>philosophiae</span> <span class='ocrx_word' id='word_1_7' title='bbox 683 767 900 865; x_wconf 74' lang='lat' dir='ltr'><strong>magistrum</strong></span> <span class='ocrx_word' id='word_1_8' title='bbox 911 762 1107 866; x_wconf 86' lang='lat' dir='ltr'><strong>scripta—</strong></span> <span class='ocrx_word' id='word_1_9' title='bbox 1119 792 1167 840; x_wconf 86' lang='lat' dir='ltr'><strong>ex</strong></span> <span class='ocrx_word' id='word_1_10' title='bbox 1184 763 1285 865; x_wconf 87' lang='lat' dir='ltr'><strong>spira</strong></span> <span class='ocrx_word' id='word_1_11' title='bbox 1298 761 1457 837; x_wconf 84' lang='lat' dir='ltr'><strong>Kalend.</strong></span> <span class='ocrx_word' id='word_1_12' title='bbox 1477 758 1719 861; x_wconf 77' lang='lat' dir='ltr'><strong>Septembris</strong></span> <span class='ocrx_word' id='word_1_13' title='bbox 1733 766 1838 859; x_wconf 69' lang='lat'><strong>1494.</strong></span> <span class='ocrx_word' id='word_1_14' title='bbox 1848 800 1896 819; x_wconf 91' lang='lat'><strong>-·</strong></span> 
     </span>
     <span class='ocr_line' id='line_1_3' title="bbox 289 878 1896 979; baseline 0 -28"><span class='ocrx_word' id='word_1_15' title='bbox 289 879 353 953; x_wconf 91' lang='lat' dir='ltr'><strong>sol.</strong></span> <span class='ocrx_word' id='word_1_16' title='bbox 371 906 404 952; x_wconf 87' lang='lat'><strong>2.</strong></span> <span class='ocrx_word' id='word_1_17' title='bbox 427 899 694 979; x_wconf 81' lang='lat' dir='ltr'><strong>argumentum</strong></span> <span class='ocrx_word' id='word_1_18' title='bbox 711 882 1079 959; x_wconf 87' lang='lat' dir='ltr'><strong>comaediae—finit</strong></span> <span class='ocrx_word' id='word_1_19' title='bbox 1096 884 1161 959; x_wconf 89' lang='lat' dir='ltr'><strong>fol.</strong></span> <span class='ocrx_word' id='word_1_20' title='bbox 1183 910 1236 958; x_wconf 84' lang='grc' dir='ltr'><strong>ιο.</strong></span> <span class='ocrx_word' id='word_1_21' title='bbox 1263 882 1327 958; x_wconf 85' lang='lat' dir='ltr'><strong>lin.</strong></span> <span class='ocrx_word' id='word_1_22' title='bbox 1347 907 1405 955; x_wconf 83' lang='lat' dir='ltr'><strong>ao.</strong></span> <span class='ocrx_word' id='word_1_23' title='bbox 1435 881 1558 955; x_wconf 83' lang='lat' dir='ltr'><strong>valete</strong></span> <span class='ocrx_word' id='word_1_24' title='bbox 1576 896 1616 955; x_wconf 86' lang='lat' dir='ltr'><strong>et</strong></span> <span class='ocrx_word' id='word_1_25' title='bbox 1641 878 1814 979; x_wconf 81' lang='lat' dir='ltr'><strong>plaudite</strong></span> <span class='ocrx_word' id='word_1_26' title='bbox 1832 880 1896 953; x_wconf 82' lang='lat' dir='ltr'><strong>Jo-</strong></span> 
     </span>
     <span class='ocr_line' id='line_1_4' title="bbox 293 996 1895 1100; baseline 0.002 -31"><span class='ocrx_word' id='word_1_27' title='bbox 293 997 401 1071; x_wconf 84' lang='lat' dir='ltr'><strong>cobus</strong></span> <span class='ocrx_word' id='word_1_28' title='bbox 423 1000 711 1100; x_wconf 71' lang='lat' dir='ltr'><strong>simphelmgms</strong></span> <span class='ocrx_word' id='word_1_29' title='bbox 727 1003 940 1100; x_wconf 82' lang='lat' dir='ltr'><strong>Slestotr&#39;nus</strong></span> <span class='ocrx_word' id='word_1_30' title='bbox 959 1000 1116 1077; x_wconf 87' lang='lat' dir='ltr'><strong>recensu</strong></span> <span class='ocrx_word' id='word_1_31' title='bbox 1132 1002 1248 1075; x_wconf 91' lang='lat' dir='ltr'><strong>Anno</strong></span> <span class='ocrx_word' id='word_1_32' title='bbox 1262 1000 1411 1075; x_wconf 79' lang='lat' dir='ltr'><strong>¹Christi</strong></span> <span class='ocrx_word' id='word_1_33' title='bbox 1427 997 1652 1075; x_wconf 84' lang='lat' dir='ltr'><strong>MCCCCL.</strong></span> <span class='ocrx_word' id='word_1_34' title='bbox 1660 996 1756 1071; x_wconf 91' lang='lat' dir='ltr'><strong>XX.</strong></span> <span class='ocrx_word' id='word_1_35' title='bbox 1786 996 1895 1073; x_wconf 87' lang='lat' dir='ltr'><strong>Char·</strong></span> 
     </span>
     <span class='ocr_line' id='line_1_5' title="bbox 296 1116 1617 1221; baseline 0.002 -34"><span class='ocrx_word' id='word_1_36' title='bbox 296 1116 358 1192; x_wconf 85' lang='lat' dir='ltr'><strong>lat.</strong></span> <span class='ocrx_word' id='word_1_37' title='bbox 379 1118 497 1219; x_wconf 81' lang='lat' dir='ltr'>grand</span> <span class='ocrx_word' id='word_1_38' title='bbox 518 1118 732 1220; x_wconf 86' lang='lat' dir='ltr'><strong>splendidus¹</strong></span> <span class='ocrx_word' id='word_1_39' title='bbox 748 1146 836 1194; x_wconf 86' lang='lat' dir='ltr'><strong>curn</strong></span> <span class='ocrx_word' id='word_1_40' title='bbox 853 1120 940 1221; x_wconf 83' lang='lat' dir='ltr'><strong>fign.</strong></span> <span class='ocrx_word' id='word_1_41' title='bbox 956 1120 1032 1195; x_wconf 86' lang='lat' dir='ltr'><strong>sols.</strong></span> <span class='ocrx_word' id='word_1_42' title='bbox 1055 1147 1109 1195; x_wconf 88' lang='lat'><strong>10.</strong></span> <span class='ocrx_word' id='word_1_43' title='bbox 1125 1146 1205 1194; x_wconf 89' lang='lat' dir='ltr'><strong>non</strong></span> <span class='ocrx_word' id='word_1_44' title='bbox 1229 1118 1353 1217; x_wconf 73' lang='lat' dir='ltr'><strong>signat.</strong></span> <span class='ocrx_word' id='word_1_45' title='bbox 1373 1118 1437 1209; x_wconf 84' lang='lat' dir='ltr'><strong>lin.</strong></span> <span class='ocrx_word' id='word_1_46' title='bbox 1455 1144 1513 1215; x_wconf 85' lang='lat'><strong>27.</strong></span> <span class='ocrx_word' id='word_1_47' title='bbox 1533 1122 1566 1206; x_wconf 60' lang='lat' dir='ltr'><strong>A„</strong></span> <span class='ocrx_word' id='word_1_48' title='bbox 1614 1208 1617 1213; x_wconf 19' lang='grc' dir='ltr'>Ι</span> 
     </span>
    </p>
   </div>
   <div class='ocr_carea' id='block_1_3' title="bbox 480 1246 1897 1613">
    <p class='ocr_par' dir='ltr' id='par_1_3' title="bbox 480 1246 1897 1613">
     <span class='ocr_line' id='line_1_6' title="bbox 480 1246 1897 1335; baseline -0.005 -20"><span class='ocrx_word' id='word_1_49' title='bbox 480 1258 632 1315; x_wconf 79' lang='lat' dir='ltr'><strong>Pomerus</strong></span> <span class='ocrx_word' id='word_1_50' title='bbox 650 1260 682 1313; x_wconf 89' lang='lat' dir='ltr'><strong>in</strong></span> <span class='ocrx_word' id='word_1_51' title='bbox 701 1256 959 1335; x_wconf 26' lang='lat' dir='ltr'><strong>Annal.2Typogr.</strong></span> <span class='ocrx_word' id='word_1_52' title='bbox 977 1259 1011 1314; x_wconf 84' lang='lat' dir='ltr'><strong>T.</strong></span> <span class='ocrx_word' id='word_1_53' title='bbox 1029 1259 1056 1331; x_wconf 80' lang='grc'><strong>4.</strong></span> <span class='ocrx_word' id='word_1_54' title='bbox 1073 1258 1164 1335; x_wconf 78' lang='lat' dir='ltr'><strong>p.&#39;61.</strong></span> <span class='ocrx_word' id='word_1_55' title='bbox 1185 1260 1224 1315; x_wconf 87' lang='lat' dir='ltr'><strong>N.</strong></span> <span class='ocrx_word' id='word_1_56' title='bbox 1244 1246 1402 1315; x_wconf 69' lang='lat' dir='ltr'><strong>525.²ha&#39;nc</strong></span> <span class='ocrx_word' id='word_1_57' title='bbox 1419 1254 1575 1325; x_wconf 75' lang='lat' dir='ltr'><strong>editionem</strong></span> <span class='ocrx_word' id='word_1_58' title='bbox 1593 1254 1703 1331; x_wconf 79' lang='lat' dir='ltr'><strong>Spirae</strong></span> <span class='ocrx_word' id='word_1_59' title='bbox 1726 1254 1847 1311; x_wconf 75' lang='lat' dir='ltr'><strong>Factam</strong></span> <span class='ocrx_word' id='word_1_60' title='bbox 1862 1254 1897 1308; x_wconf 79' lang='lat' dir='ltr'><strong>ad</strong></span> 
     </span>
     <span class='ocr_line' id='line_1_7' title="bbox 576 1344 1896 1427; baseline -0.005 -20"><span class='ocrx_word' id='word_1_61' title='bbox 576 1354 693 1407; x_wconf 78' lang='lat' dir='ltr'><strong>Annum</strong></span> <span class='ocrx_word' id='word_1_62' title='bbox 715 1353 794 1427; x_wconf 69' lang='lat'><strong>1494.</strong></span> <span class='ocrx_word' id='word_1_63' title='bbox 811 1350 905 1408; x_wconf 78' lang='lat' dir='ltr'><strong>refert.</strong></span> <span class='ocrx_word' id='word_1_64' title='bbox 922 1369 952 1409; x_wconf 78' lang='lat' dir='ltr'><strong>at</strong></span> <span class='ocrx_word' id='word_1_65' title='bbox 966 1370 1032 1407; x_wconf 87' lang='lat' dir='ltr'><strong>cum</strong></span> <span class='ocrx_word' id='word_1_66' title='bbox 1042 1348 1173 1427; x_wconf 80' lang='lat' dir='ltr'><strong>Epistola</strong></span> <span class='ocrx_word' id='word_1_67' title='bbox 1189 1344 1335 1408; x_wconf 70' lang='lat' dir='ltr'><strong>Eucherii</strong></span> <span class='ocrx_word' id='word_1_68' title='bbox 1357 1350 1518 1407; x_wconf 71' lang='lat' dir='ltr'><strong>Godinorii</strong></span> <span class='ocrx_word' id='word_1_69' title='bbox 1529 1348 1636 1425; x_wconf 79' lang='lat' dir='ltr'><strong>Spirae</strong></span> <span class='ocrx_word' id='word_1_70' title='bbox 1653 1348 1734 1423; x_wconf 69' lang='lat'><strong>1494.</strong></span> <span class='ocrx_word' id='word_1_71' title='bbox 1751 1346 1896 1422; x_wconf 75' lang='lat' dir='ltr'><strong>Subscrip·</strong></span> 
     </span>
     <span class='ocr_line' id='line_1_8' title="bbox 574 1438 1897 1519; baseline -0.004 -20"><span class='ocrx_word' id='word_1_72' title='bbox 574 1460 607 1499; x_wconf 81' lang='lat' dir='ltr'><strong>ta</strong></span> <span class='ocrx_word' id='word_1_73' title='bbox 620 1464 673 1499; x_wconf 85' lang='lat' dir='ltr'><strong>nee</strong></span> <span class='ocrx_word' id='word_1_74' title='bbox 689 1462 797 1499; x_wconf 73' lang='lat' dir='ltr'><strong>annum</strong></span> <span class='ocrx_word' id='word_1_75' title='bbox 813 1463 866 1499; x_wconf 83' lang='lat' dir='ltr'><strong>nee</strong></span> <span class='ocrx_word' id='word_1_76' title='bbox 881 1444 979 1500; x_wconf 80' lang='lat' dir='ltr'><strong>locum</strong></span> <span class='ocrx_word' id='word_1_77' title='bbox 996 1443 1133 1502; x_wconf 72' lang='lat' dir='ltr'><strong>editionis</strong></span> <span class='ocrx_word' id='word_1_78' title='bbox 1155 1443 1278 1519; x_wconf 80' lang='lat' dir='ltr'><strong>probat,</strong></span> <span class='ocrx_word' id='word_1_79' title='bbox 1303 1440 1427 1503; x_wconf 78' lang='lat' dir='ltr'><strong>mallem.</strong></span> <span class='ocrx_word' id='word_1_80' title='bbox 1442 1442 1542 1519; x_wconf 72' lang='lat' dir='ltr'><strong>potius</strong></span> <span class='ocrx_word' id='word_1_81' title='bbox 1562 1460 1599 1496; x_wconf 83' lang='lat' dir='ltr'><strong>ex</strong></span> <span class='ocrx_word' id='word_1_82' title='bbox 1620 1439 1724 1495; x_wconf 81' lang='lat' dir='ltr'><strong>charta</strong></span> <span class='ocrx_word' id='word_1_83' title='bbox 1744 1455 1774 1495; x_wconf 83' lang='lat' dir='ltr'><strong>et</strong></span> <span class='ocrx_word' id='word_1_84' title='bbox 1795 1438 1897 1495; x_wconf 69' lang='lat' dir='ltr'><strong>litteris</strong></span> 
     </span>
     <span class='ocr_line' id='line_1_9' title="bbox 575 1531 1897 1613; baseline 0 -24"><span class='ocrx_word' id='word_1_85' title='bbox 575 1536 723 1611; x_wconf 79' lang='lat' dir='ltr'><strong>suspicari,</strong></span> <span class='ocrx_word' id='word_1_86' title='bbox 740 1536 817 1593; x_wconf 79' lang='lat' dir='ltr'><strong>hanc</strong></span> <span class='ocrx_word' id='word_1_87' title='bbox 833 1536 1018 1594; x_wconf 83' lang='lat' dir='ltr'><strong>Comaediam</strong></span> <span class='ocrx_word' id='word_1_88' title='bbox 1028 1540 1166 1595; x_wconf 68' lang='lat' dir='ltr'><strong>nesticae</strong></span> <span class='ocrx_word' id='word_1_89' title='bbox 1183 1556 1252 1594; x_wconf 84' lang='lat' dir='ltr'><strong>cura</strong></span> <span class='ocrx_word' id='word_1_90' title='bbox 1266 1537 1447 1613; x_wconf 74' lang='lat' dir='ltr'><strong>Bergmonm&#39;</strong></span> <span class='ocrx_word' id='word_1_91' title='bbox 1463 1532 1563 1591; x_wconf 86' lang='lat' dir='ltr'><strong>eodem</strong></span> <span class='ocrx_word' id='word_1_92' title='bbox 1577 1532 1638 1589; x_wconf 77' lang='lat' dir='ltr'><strong>iere</strong></span> <span class='ocrx_word' id='word_1_93' title='bbox 1654 1548 1787 1609; x_wconf 82' lang='lat' dir='ltr'><strong>tempore</strong></span> <span class='ocrx_word' id='word_1_94' title='bbox 1796 1531 1897 1595; x_wconf 62' lang='lat' dir='ltr'><strong>edeam</strong></span> 
     </span>
    </p>
   </div>
   <div class='ocr_carea' id='block_1_4' title="bbox 574 1628 712 1719">
    <p class='ocr_par' dir='ltr' id='par_1_4' title="bbox 574 1628 712 1719">
     <span class='ocr_line' id='line_1_10' title="bbox 574 1628 712 1719; baseline -0.014 0"><span class='ocrx_word' id='word_1_95' title='bbox 574 1628 664 1719; x_wconf 63' lang='lat' dir='ltr'><strong>m..</strong></span> <span class='ocrx_word' id='word_1_96' title='bbox 709 1712 712 1717; x_wconf 84' lang='grc'><strong>,</strong></span> 
     </span>
    </p>
   </div>
   <div class='ocr_carea' id='block_1_5' title="bbox 279 1796 1899 2607">
    <p class='ocr_par' dir='ltr' id='par_1_5' title="bbox 279 1796 1899 2607">
     <span class='ocr_line' id='line_1_11' title="bbox 387 1796 1899 1922; baseline -0.001 -33"><span class='ocrx_word' id='word_1_97' title='bbox 387 1817 737 1917; x_wconf 73' lang='lat' dir='ltr'><strong>617.-Pr1&#39;m&#39;legla</strong></span> <span class='ocrx_word' id='word_1_98' title='bbox 756 1796 995 1895; x_wconf 87' lang='lat' dir='ltr'><strong>Clericorum</strong></span> <span class='ocrx_word' id='word_1_99' title='bbox 1015 1836 1053 1895; x_wconf 86' lang='lat' dir='ltr'><strong>et</strong></span> <span class='ocrx_word' id='word_1_100' title='bbox 1070 1820 1234 1922; x_wconf 83' lang='lat' dir='ltr'><strong>quedam</strong></span> <span class='ocrx_word' id='word_1_101' title='bbox 1260 1820 1332 1894; x_wconf 90' lang='lat' dir='ltr'><strong>alia</strong></span> <span class='ocrx_word' id='word_1_102' title='bbox 1353 1817 1464 1893; x_wconf 87' lang='lat' dir='ltr'><strong>utilia</strong></span> <span class='ocrx_word' id='word_1_103' title='bbox 1485 1815 1550 1889; x_wconf 79' lang='lat' dir='ltr'><strong>iric</strong></span> <span class='ocrx_word' id='word_1_104' title='bbox 1573 1814 1835 1890; x_wconf 88' lang='lat' dir='ltr'><strong>continentur.</strong></span> <span class='ocrx_word' id='word_1_105' title='bbox 1852 1856 1899 1873; x_wconf 95' lang='lat'><em>-</em></span> 
     </span>
     <span class='ocr_line' id='line_1_12' title="bbox 291 1920 1897 2038; baseline 0.001 -33"><span class='ocrx_word' id='word_1_106' title='bbox 291 1933 396 2007; x_wconf 89' lang='lat' dir='ltr'><strong>Haec</strong></span> <span class='ocrx_word' id='word_1_107' title='bbox 408 1934 446 2006; x_wconf 93' lang='lat' dir='ltr'><strong>in</strong></span> <span class='ocrx_word' id='word_1_108' title='bbox 465 1934 764 2011; x_wconf 51' lang='lat' dir='ltr'><strong>fronte-fola.</strong></span> <span class='ocrx_word' id='word_1_109' title='bbox 778 1938 912 2038; x_wconf 82' lang='lat' dir='ltr'>incipit</span> <span class='ocrx_word' id='word_1_110' title='bbox 935 1938 1147 2013; x_wconf 76' lang='lat' dir='ltr'><strong>constitutio</strong></span> <span class='ocrx_word' id='word_1_111' title='bbox 1165 1938 1212 2011; x_wconf 91' lang='lat' dir='ltr'><strong>D.</strong></span> <span class='ocrx_word' id='word_1_112' title='bbox 1231 1920 1410 2010; x_wconf 75' lang='lat' dir='ltr'><strong>Fnisen&#39;cr&#39;</strong></span> <span class='ocrx_word' id='word_1_113' title='bbox 1431 1922 1681 2033; x_wconf 79' lang='lat' dir='ltr'><strong>imperatoris</strong></span> <span class='ocrx_word' id='word_1_114' title='bbox 1700 1934 1897 2008; x_wconf 85' lang='lat' dir='ltr'><strong>continens</strong></span> 
     </span>
     <span class='ocr_line' id='line_1_13' title="bbox 289 2050 1898 2153; baseline 0.002 -31"><span class='ocrx_word' id='word_1_115' title='bbox 289 2051 492 2151; x_wconf 79' lang='lat' dir='ltr'><strong>privilegia</strong></span> <span class='ocrx_word' id='word_1_116' title='bbox 509 2070 546 2127; x_wconf 94' lang='lat' dir='ltr'><strong>et</strong></span> <span class='ocrx_word' id='word_1_117' title='bbox 563 2053 821 2127; x_wconf 83' lang='lat' dir='ltr'><strong>immunitates</strong></span> <span class='ocrx_word' id='word_1_118' title='bbox 840 2056 1101 2147; x_wconf 76' lang='lat' dir='ltr'><strong>clericorum,</strong></span> <span class='ocrx_word' id='word_1_119' title='bbox 1121 2070 1159 2127; x_wconf 91' lang='lat' dir='ltr'><strong>et</strong></span> <span class='ocrx_word' id='word_1_120' title='bbox 1183 2078 1326 2153; x_wconf 85' lang='lat' dir='ltr'><strong>poenas</strong></span> <span class='ocrx_word' id='word_1_121' title='bbox 1353 2050 1589 2124; x_wconf 86' lang='lat' dir='ltr'><strong>violatorum</strong></span> <span class='ocrx_word' id='word_1_122' title='bbox 1613 2050 1833 2126; x_wconf 87' lang='lat' dir='ltr'><strong>eorundum</strong></span> <span class='ocrx_word' id='word_1_123' title='bbox 1850 2093 1898 2109; x_wconf 91' lang='lat'>-</span> 
     </span>
     <span class='ocr_line' id='line_1_14' title="bbox 286 2168 1894 2272; baseline 0.001 -31"><span class='ocrx_word' id='word_1_124' title='bbox 286 2169 371 2242; x_wconf 91' lang='lat' dir='ltr'><strong>finit</strong></span> <span class='ocrx_word' id='word_1_125' title='bbox 387 2170 450 2244; x_wconf 89' lang='lat' dir='ltr'><strong>sol.</strong></span> <span class='ocrx_word' id='word_1_126' title='bbox 468 2178 520 2259; x_wconf 72' lang='lat'><strong>¹4·</strong></span> <span class='ocrx_word' id='word_1_127' title='bbox 535 2171 598 2245; x_wconf 90' lang='lat' dir='ltr'><strong>lin.</strong></span> <span class='ocrx_word' id='word_1_128' title='bbox 609 2198 666 2244; x_wconf 88' lang='lat'><strong>22.</strong></span> <span class='ocrx_word' id='word_1_129' title='bbox 685 2171 858 2272; x_wconf 87' lang='lat' dir='ltr'><strong>impressa</strong></span> <span class='ocrx_word' id='word_1_130' title='bbox 875 2169 961 2245; x_wconf 89' lang='lat' dir='ltr'><strong>sunt</strong></span> <span class='ocrx_word' id='word_1_131' title='bbox 974 2171 1066 2245; x_wconf 84' lang='lat' dir='ltr'><strong>haec</strong></span> <span class='ocrx_word' id='word_1_132' title='bbox 1077 2170 1276 2271; x_wconf 78' lang='lat' dir='ltr'><strong>privilegia</strong></span> <span class='ocrx_word' id='word_1_133' title='bbox 1285 2169 1535 2241; x_wconf 84' lang='lat' dir='ltr'><strong>Clericorum.</strong></span> <span class='ocrx_word' id='word_1_134' title='bbox 1553 2168 1894 2270; x_wconf 75' lang='lat' dir='ltr'><strong>LyptzulrperGre-</strong></span> 
     </span>
     <span class='ocr_line' id='line_1_15' title="bbox 279 2276 1894 2389; baseline 0 -29"><span class='ocrx_word' id='word_1_135' title='bbox 279 2292 424 2385; x_wconf 72' lang='lat' dir='ltr'><strong>geniem</strong></span> <span class='ocrx_word' id='word_1_136' title='bbox 443 2288 634 2365; x_wconf 78' lang='lat' dir='ltr'><strong>Bettz&#39;cher.</strong></span> <span class='ocrx_word' id='word_1_137' title='bbox 653 2290 769 2364; x_wconf 85' lang='lat' dir='ltr'><strong>Anno</strong></span> <span class='ocrx_word' id='word_1_138' title='bbox 791 2294 893 2389; x_wconf 69' lang='lat'><strong>¹494·</strong></span> <span class='ocrx_word' id='word_1_139' title='bbox 912 2290 952 2385; x_wconf 85' lang='lat' dir='ltr'><strong>in</strong></span> <span class='ocrx_word' id='word_1_140' title='bbox 969 2276 1327 2366; x_wconf 78' lang='lat' dir='ltr'><strong>vacantiis-Cstar,</strong></span> <span class='ocrx_word' id='word_1_141' title='bbox 1348 2286 1450 2386; x_wconf 81' lang='lat' dir='ltr'><strong>goth.</strong></span> <span class='ocrx_word' id='word_1_142' title='bbox 1472 2304 1562 2359; x_wconf 88' lang='lat' dir='ltr'><strong>cutn</strong></span> <span class='ocrx_word' id='word_1_143' title='bbox 1578 2284 1708 2386; x_wconf 72' lang='lat' dir='ltr'><strong>signat.</strong></span> <span class='ocrx_word' id='word_1_144' title='bbox 1735 2286 1812 2361; x_wconf 84' lang='lat' dir='ltr'><strong>foss.</strong></span> <span class='ocrx_word' id='word_1_145' title='bbox 1843 2292 1894 2377; x_wconf 74' lang='lat'><strong>¹4·</strong></span> 
     </span>
     <span class='ocr_line' id='line_1_16' title="bbox 283 2406 986 2505; baseline 0.006 -26"><span class='ocrx_word' id='word_1_146' title='bbox 283 2432 363 2481; x_wconf 89' lang='lat' dir='ltr'><strong>non</strong></span> <span class='ocrx_word' id='word_1_147' title='bbox 381 2406 468 2505; x_wconf 80' lang='lat' dir='ltr'><strong>stgn.</strong></span> <span class='ocrx_word' id='word_1_148' title='bbox 485 2407 549 2480; x_wconf 92' lang='lat' dir='ltr'><strong>lin.</strong></span> <span class='ocrx_word' id='word_1_149' title='bbox 565 2406 623 2482; x_wconf 83' lang='lat'><strong>33.</strong></span> <span class='ocrx_word' id='word_1_150' title='bbox 639 2414 672 2496; x_wconf 74' lang='grc'><strong>4.</strong></span> <span class='ocrx_word' id='word_1_151' title='bbox 983 2410 986 2417; x_wconf 79' lang='grc'><strong>’</strong></span> 
     </span>
     <span class='ocr_line' id='line_1_17' title="bbox 476 2544 927 2607; baseline -0.004 -4"><span class='ocrx_word' id='word_1_152' title='bbox 476 2545 579 2603; x_wconf 86' lang='lat' dir='ltr'><strong>Editio</strong></span> <span class='ocrx_word' id='word_1_153' title='bbox 594 2544 703 2602; x_wconf 85' lang='lat' dir='ltr'><strong>nullibi</strong></span> <span class='ocrx_word' id='word_1_154' title='bbox 713 2547 855 2604; x_wconf 83' lang='lat' dir='ltr'><strong>recensita.</strong></span> <span class='ocrx_word' id='word_1_155' title='bbox 921 2598 927 2607; x_wconf 85' lang='lat'><em>,</em></span> 
     </span>
    </p>
   </div>
   <div class='ocr_carea' id='block_1_6' title="bbox 901 2716 1248 2793">
    <p class='ocr_par' dir='ltr' id='par_1_6' title="bbox 901 2716 1248 2793">
     <span class='ocr_line' id='line_1_18' title="bbox 901 2716 1248 2793; baseline 0.003 -2"><span class='ocrx_word' id='word_1_156' title='bbox 901 2756 906 2767; x_wconf 77' lang='lat'>=</span> <span class='ocrx_word' id='word_1_157' title='bbox 936 2716 1248 2793; x_wconf 72' lang='lat' dir='ltr'><strong>MCCCCXCV.</strong></span> 
     </span>
    </p>
   </div>
   <div class='ocr_carea' id='block_1_7' title="bbox 268 2872 1949 4879">
    <p class='ocr_par' dir='ltr' id='par_1_7' title="bbox 373 2872 1896 2981">
     <span class='ocr_line' id='line_1_19' title="bbox 373 2872 1896 2981; baseline -0.001 -31"><span class='ocrx_word' id='word_1_158' title='bbox 373 2875 585 2951; x_wconf 71' lang='lat' dir='ltr'><strong>ont-De</strong></span> <span class='ocrx_word' id='word_1_159' title='bbox 603 2876 730 2974; x_wconf 75' lang='lat' dir='ltr'><strong>orgine</strong></span> <span class='ocrx_word' id='word_1_160' title='bbox 744 2891 782 2950; x_wconf 92' lang='lat' dir='ltr'><strong>et</strong></span> <span class='ocrx_word' id='word_1_161' title='bbox 796 2875 1059 2974; x_wconf 71' lang='lat' dir='ltr'><strong>conversatmne</strong></span> <span class='ocrx_word' id='word_1_162' title='bbox 1075 2877 1246 2951; x_wconf 81' lang='lat' dir='ltr'><strong>bonorum</strong></span> <span class='ocrx_word' id='word_1_163' title='bbox 1262 2900 1382 2973; x_wconf 77' lang='lat' dir='ltr'><strong>regum</strong></span> <span class='ocrx_word' id='word_1_164' title='bbox 1408 2888 1446 2950; x_wconf 88' lang='lat' dir='ltr'><strong>et</strong></span> <span class='ocrx_word' id='word_1_165' title='bbox 1472 2873 1584 2981; x_wconf 80' lang='lat' dir='ltr'><strong>laude</strong></span> <span class='ocrx_word' id='word_1_166' title='bbox 1604 2872 1785 2975; x_wconf 68' lang='lat' dir='ltr'><strong>Civitatis</strong></span> <span class='ocrx_word' id='word_1_167' title='bbox 1807 2874 1896 2950; x_wconf 52' lang='lat' dir='ltr'><strong>Hie</strong></span> 
     </span>
    </p>

    <p class='ocr_par' dir='ltr' id='par_1_8' title="bbox 269 2978 1949 4276">
     <span class='ocr_line' id='line_1_20' title="bbox 275 2978 1898 3095; baseline 0.003 -30"><span class='ocrx_word' id='word_1_168' title='bbox 275 2992 491 3095; x_wconf 71' lang='lat' dir='ltr'><strong>rcfirlymae:</strong></span> <span class='ocrx_word' id='word_1_169' title='bbox 512 3022 601 3068; x_wconf 90' lang='lat' dir='ltr'><strong>cum</strong></span> <span class='ocrx_word' id='word_1_170' title='bbox 625 2978 890 3068; x_wconf 82' lang='lat' dir='ltr'><strong>exhortatione</strong></span> <span class='ocrx_word' id='word_1_171' title='bbox 912 2991 1078 3068; x_wconf 87' lang='lat' dir='ltr'><strong>eiusdem</strong></span> <span class='ocrx_word' id='word_1_172' title='bbox 1094 2993 1364 3094; x_wconf 86' lang='lat' dir='ltr'><strong>recuperande.</strong></span> <span class='ocrx_word' id='word_1_173' title='bbox 1381 2984 1613 3090; x_wconf 60' lang='lat' dir='ltr'><strong>Sebastianus</strong></span> <span class='ocrx_word' id='word_1_174' title='bbox 1630 2992 1813 3069; x_wconf 78' lang='lat' dir='ltr'><strong>Brant-</strong></span> <span class='ocrx_word' id='word_1_175' title='bbox 1831 2994 1898 3070; x_wconf 83' lang='lat' dir='ltr'><strong>Se-</strong></span> 
     </span>
     <span class='ocr_line' id='line_1_21' title="bbox 280 3110 1898 3213; baseline 0.002 -29"><span class='ocrx_word' id='word_1_176' title='bbox 280 3111 412 3211; x_wconf 86' lang='lat' dir='ltr'><strong>quitur</strong></span> <span class='ocrx_word' id='word_1_177' title='bbox 441 3112 577 3187; x_wconf 85' lang='lat' dir='ltr'><strong>tabesla</strong></span> <span class='ocrx_word' id='word_1_178' title='bbox 601 3114 704 3213; x_wconf 79' lang='lat' dir='ltr'><strong>signo</strong></span> <span class='ocrx_word' id='word_1_179' title='bbox 730 3112 842 3185; x_wconf 87' lang='lat' dir='ltr'><strong>incisa</strong></span> <span class='ocrx_word' id='word_1_180' title='bbox 870 3110 1131 3210; x_wconf 84' lang='lat' dir='ltr'><strong>representans</strong></span> <span class='ocrx_word' id='word_1_181' title='bbox 1161 3110 1436 3212; x_wconf 87' lang='lat' dir='ltr'><strong>imperatorem</strong></span> <span class='ocrx_word' id='word_1_182' title='bbox 1460 3113 1620 3185; x_wconf 87' lang='lat' dir='ltr'><strong>stantem</strong></span> <span class='ocrx_word' id='word_1_183' title='bbox 1645 3124 1735 3186; x_wconf 85' lang='lat' dir='ltr'><strong>ante</strong></span> <span class='ocrx_word' id='word_1_184' title='bbox 1760 3138 1898 3187; x_wconf 70' lang='lat' dir='ltr'><strong>muros</strong></span> 
     </span>
     <span class='ocr_line' id='line_1_22' title="bbox 278 3227 1899 3330; baseline 0.003 -30"><span class='ocrx_word' id='word_1_185' title='bbox 278 3228 440 3301; x_wconf 85' lang='lat' dir='ltr'><strong>civitatis</strong></span> <span class='ocrx_word' id='word_1_186' title='bbox 458 3227 788 3330; x_wconf 72' lang='lat' dir='ltr'><strong>Ht&#39;enfirlymae-</strong></span> <span class='ocrx_word' id='word_1_187' title='bbox 808 3230 934 3330; x_wconf 84' lang='lat' dir='ltr'><strong>Super</strong></span> <span class='ocrx_word' id='word_1_188' title='bbox 953 3227 1066 3329; x_wconf 88' lang='lat' dir='ltr'><strong>ipsius</strong></span> <span class='ocrx_word' id='word_1_189' title='bbox 1092 3228 1232 3305; x_wconf 85' lang='lat' dir='ltr'><strong>vexillo</strong></span> <span class='ocrx_word' id='word_1_190' title='bbox 1256 3228 1393 3327; x_wconf 81' lang='lat' dir='ltr'><strong>legitur</strong></span> <span class='ocrx_word' id='word_1_191' title='bbox 1409 3228 1697 3302; x_wconf 77' lang='lat' dir='ltr'><strong>Maxrmilrimue</strong></span> <span class='ocrx_word' id='word_1_192' title='bbox 1713 3254 1899 3305; x_wconf 85' lang='lat' dir='ltr'><strong>romano·</strong></span> 
     </span>
     <span class='ocr_line' id='line_1_23' title="bbox 275 3334 1898 3449; baseline 0.006 -34"><span class='ocrx_word' id='word_1_193' title='bbox 275 3334 371 3417; x_wconf 75' lang='lat' dir='ltr'><strong>rum&#39;</strong></span> <span class='ocrx_word' id='word_1_194' title='bbox 383 3372 509 3419; x_wconf 84' lang='lat' dir='ltr'><strong>rex-</strong></span> <span class='ocrx_word' id='word_1_195' title='bbox 527 3346 625 3419; x_wconf 79' lang='lat' dir='ltr'><strong>infra</strong></span> <span class='ocrx_word' id='word_1_196' title='bbox 641 3348 870 3443; x_wconf 75' lang='lat' dir='ltr'><strong>iherusalem.</strong></span> <span class='ocrx_word' id='word_1_197' title='bbox 890 3346 930 3418; x_wconf 93' lang='lat' dir='ltr'><strong>in</strong></span> <span class='ocrx_word' id='word_1_198' title='bbox 946 3372 1054 3421; x_wconf 88' lang='lat' dir='ltr'><strong>ramo</strong></span> <span class='ocrx_word' id='word_1_199' title='bbox 1077 3348 1223 3423; x_wconf 78' lang='lat' dir='ltr'><strong>arboris</strong></span> <span class='ocrx_word' id='word_1_200' title='bbox 1252 3346 1378 3422; x_wconf 91' lang='lat' dir='ltr'><strong>aridae</strong></span> <span class='ocrx_word' id='word_1_201' title='bbox 1395 3343 1540 3449; x_wconf 87' lang='lat' dir='ltr'><strong>pendet</strong></span> <span class='ocrx_word' id='word_1_202' title='bbox 1556 3344 1705 3421; x_wconf 89' lang='lat' dir='ltr'><strong>scutum</strong></span> <span class='ocrx_word' id='word_1_203' title='bbox 1727 3346 1898 3423; x_wconf 87' lang='lat' dir='ltr'><strong>caesare·</strong></span> 
     </span>
     <span class='ocr_line' id='line_1_24' title="bbox 273 3460 1897 3563; baseline 0.002 -26"><span class='ocrx_word' id='word_1_204' title='bbox 273 3460 396 3537; x_wconf 79' lang='lat' dir='ltr'><strong>um-</strong></span> <span class='ocrx_word' id='word_1_205' title='bbox 409 3463 514 3536; x_wconf 89' lang='lat' dir='ltr'><strong>Haec</strong></span> <span class='ocrx_word' id='word_1_206' title='bbox 530 3462 660 3536; x_wconf 86' lang='lat' dir='ltr'><strong>omnia</strong></span> <span class='ocrx_word' id='word_1_207' title='bbox 676 3463 715 3533; x_wconf 93' lang='lat' dir='ltr'><strong>in</strong></span> <span class='ocrx_word' id='word_1_208' title='bbox 734 3462 991 3537; x_wconf 85' lang='lat' dir='ltr'><strong>fronte—fol.</strong></span> <span class='ocrx_word' id='word_1_209' title='bbox 1014 3493 1041 3537; x_wconf 91' lang='lat'><strong>1.</strong></span> <span class='ocrx_word' id='word_1_210' title='bbox 1063 3466 1097 3539; x_wconf 92' lang='lat' dir='ltr'><strong>b.</strong></span> <span class='ocrx_word' id='word_1_211' title='bbox 1120 3464 1250 3558; x_wconf 78' lang='lat' dir='ltr'><strong>Sebost.</strong></span> <span class='ocrx_word' id='word_1_212' title='bbox 1267 3465 1388 3537; x_wconf 84' lang='lat' dir='ltr'><strong>Brant</strong></span> <span class='ocrx_word' id='word_1_213' title='bbox 1405 3462 1558 3563; x_wconf 83' lang='lat' dir='ltr'><strong>epistola</strong></span> <span class='ocrx_word' id='word_1_214' title='bbox 1584 3462 1825 3540; x_wconf 85' lang='lat' dir='ltr'><strong>dedicatoria</strong></span> <span class='ocrx_word' id='word_1_215' title='bbox 1849 3465 1897 3541; x_wconf 87' lang='lat' dir='ltr'><strong>ad</strong></span> 
     </span>
     <span class='ocr_line' id='line_1_25' title="bbox 272 3578 1893 3685; baseline 0.002 -31"><span class='ocrx_word' id='word_1_216' title='bbox 272 3580 573 3655; x_wconf 74' lang='lat' dir='ltr'><strong>Mammilzimum</strong></span> <span class='ocrx_word' id='word_1_217' title='bbox 599 3605 849 3685; x_wconf 84' lang='lat' dir='ltr'><strong>romanorum</strong></span> <span class='ocrx_word' id='word_1_218' title='bbox 875 3606 1005 3678; x_wconf 80' lang='lat' dir='ltr'><strong>regem</strong></span> <span class='ocrx_word' id='word_1_219' title='bbox 1020 3581 1112 3657; x_wconf 70' lang='grc' dir='ltr'><strong>-Ε</strong></span> <span class='ocrx_word' id='word_1_220' title='bbox 1137 3588 1170 3671; x_wconf 74' lang='grc'><strong>4.</strong></span> <span class='ocrx_word' id='word_1_221' title='bbox 1195 3582 1241 3656; x_wconf 92' lang='lat' dir='ltr'><strong>de</strong></span> <span class='ocrx_word' id='word_1_222' title='bbox 1265 3580 1371 3661; x_wconf 78' lang='lat' dir='ltr'><strong>urbia</strong></span> <span class='ocrx_word' id='word_1_223' title='bbox 1403 3578 1650 3683; x_wconf 60' lang='lat' dir='ltr'><strong>iherosolym</strong></span> <span class='ocrx_word' id='word_1_224' title='bbox 1672 3581 1829 3683; x_wconf 81' lang='lat' dir='ltr'><strong>origine</strong></span> <span class='ocrx_word' id='word_1_225' title='bbox 1853 3599 1893 3659; x_wconf 89' lang='lat' dir='ltr'><strong>et</strong></span> 
     </span>
     <span class='ocr_line' id='line_1_26' title="bbox 272 3696 1895 3800; baseline 0.003 -28"><span class='ocrx_word' id='word_1_226' title='bbox 272 3702 367 3773; x_wconf 81' lang='lat' dir='ltr'><strong>statu</strong></span> <span class='ocrx_word' id='word_1_227' title='bbox 387 3699 611 3800; x_wconf 82' lang='lat' dir='ltr'><strong>epitoma-</strong></span> <span class='ocrx_word' id='word_1_228' title='bbox 623 3697 686 3771; x_wconf 90' lang='lat' dir='ltr'><strong>sol.</strong></span> <span class='ocrx_word' id='word_1_229' title='bbox 713 3723 791 3797; x_wconf 82' lang='lat'><strong>129.</strong></span> <span class='ocrx_word' id='word_1_230' title='bbox 810 3696 856 3772; x_wconf 89' lang='lat' dir='ltr'><strong>de</strong></span> <span class='ocrx_word' id='word_1_231' title='bbox 875 3696 988 3771; x_wconf 79' lang='lat' dir='ltr'><strong>causta</strong></span> <span class='ocrx_word' id='word_1_232' title='bbox 998 3696 1199 3772; x_wconf 87' lang='lat' dir='ltr'><strong>amissionis</strong></span> <span class='ocrx_word' id='word_1_233' title='bbox 1209 3715 1333 3775; x_wconf 89' lang='lat' dir='ltr'><strong>terrae</strong></span> <span class='ocrx_word' id='word_1_234' title='bbox 1352 3698 1497 3775; x_wconf 85' lang='lat' dir='ltr'><strong>sanctae</strong></span> <span class='ocrx_word' id='word_1_235' title='bbox 1510 3725 1599 3775; x_wconf 84' lang='lat' dir='ltr'><strong>curn</strong></span> <span class='ocrx_word' id='word_1_236' title='bbox 1617 3698 1895 3777; x_wconf 73' lang='lat' dir='ltr'><strong>exhortatione</strong></span> 
     </span>
     <span class='ocr_line' id='line_1_27' title="bbox 273 3814 1895 3917; baseline 0.002 -25"><span class='ocrx_word' id='word_1_237' title='bbox 273 3816 445 3892; x_wconf 85' lang='lat' dir='ltr'><strong>eiusdem</strong></span> <span class='ocrx_word' id='word_1_238' title='bbox 468 3814 738 3917; x_wconf 79' lang='lat' dir='ltr'><strong>recuperande.</strong></span> <span class='ocrx_word' id='word_1_239' title='bbox 767 3815 831 3889; x_wconf 87' lang='lat' dir='ltr'><strong>sol.</strong></span> <span class='ocrx_word' id='word_1_240' title='bbox 857 3817 933 3907; x_wconf 71' lang='lat'><strong>146.</strong></span> <span class='ocrx_word' id='word_1_241' title='bbox 958 3844 994 3891; x_wconf 87' lang='lat' dir='ltr'><strong>n.</strong></span> <span class='ocrx_word' id='word_1_242' title='bbox 1015 3817 1060 3892; x_wconf 88' lang='lat' dir='ltr'><strong>ad</strong></span> <span class='ocrx_word' id='word_1_243' title='bbox 1084 3816 1216 3892; x_wconf 81' lang='lat' dir='ltr'><strong>divum</strong></span> <span class='ocrx_word' id='word_1_244' title='bbox 1233 3818 1533 3892; x_wconf 78' lang='lat' dir='ltr'><strong>Mammilzimum</strong></span> <span class='ocrx_word' id='word_1_245' title='bbox 1549 3820 1807 3893; x_wconf 83' lang='lat' dir='ltr'><strong>romanorum</strong></span> <span class='ocrx_word' id='word_1_246' title='bbox 1831 3846 1895 3895; x_wconf 86' lang='lat' dir='ltr'><strong>re·</strong></span> 
     </span>
     <span class='ocr_line' id='line_1_28' title="bbox 270 3932 1891 4037; baseline 0.002 -28"><span class='ocrx_word' id='word_1_247' title='bbox 270 3962 358 4036; x_wconf 77' lang='lat' dir='ltr'><strong>gem</strong></span> <span class='ocrx_word' id='word_1_248' title='bbox 376 3932 693 4036; x_wconf 72' lang='lat' dir='ltr'><strong>gloriofiss&#39;imum‚</strong></span> <span class='ocrx_word' id='word_1_249' title='bbox 717 3934 755 4008; x_wconf 92' lang='lat' dir='ltr'><strong>in</strong></span> <span class='ocrx_word' id='word_1_250' title='bbox 778 3934 896 4011; x_wconf 84' lang='lat' dir='ltr'><strong>vitam</strong></span> <span class='ocrx_word' id='word_1_251' title='bbox 916 3952 953 4011; x_wconf 90' lang='lat' dir='ltr'><strong>et</strong></span> <span class='ocrx_word' id='word_1_252' title='bbox 977 3934 1313 4029; x_wconf 67' lang='lat' dir='ltr'><strong>conversationemf</strong></span> <span class='ocrx_word' id='word_1_253' title='bbox 1321 3962 1456 4034; x_wconf 83' lang='lat' dir='ltr'><strong>regum</strong></span> <span class='ocrx_word' id='word_1_254' title='bbox 1474 3935 1593 4034; x_wconf 77' lang='lat' dir='ltr'><strong>israel</strong></span> <span class='ocrx_word' id='word_1_255' title='bbox 1607 3950 1645 4009; x_wconf 92' lang='lat' dir='ltr'><strong>et</strong></span> <span class='ocrx_word' id='word_1_256' title='bbox 1657 3934 1756 4009; x_wconf 84' lang='lat' dir='ltr'><strong>Judo</strong></span> <span class='ocrx_word' id='word_1_257' title='bbox 1775 3962 1891 4037; x_wconf 89' lang='lat' dir='ltr'><strong>prae·</strong></span> 
     </span>
     <span class='ocr_line' id='line_1_29' title="bbox 269 4042 1949 4157; baseline 0.003 -31"><span class='ocrx_word' id='word_1_258' title='bbox 269 4054 411 4128; x_wconf 84' lang='lat' dir='ltr'><strong>satio—</strong></span> <span class='ocrx_word' id='word_1_259' title='bbox 426 4053 489 4128; x_wconf 83' lang='lat' dir='ltr'><strong>fot.</strong></span> <span class='ocrx_word' id='word_1_260' title='bbox 513 4060 591 4151; x_wconf 74' lang='lat'><strong>147.</strong></span> <span class='ocrx_word' id='word_1_261' title='bbox 606 4054 641 4126; x_wconf 91' lang='lat' dir='ltr'><strong>b.</strong></span> <span class='ocrx_word' id='word_1_262' title='bbox 661 4042 845 4153; x_wconf 80' lang='lat' dir='ltr'><strong>Epilogus¹</strong></span> <span class='ocrx_word' id='word_1_263' title='bbox 860 4080 994 4155; x_wconf 79' lang='lat' dir='ltr'><strong>regum</strong></span> <span class='ocrx_word' id='word_1_264' title='bbox 1013 4055 1113 4131; x_wconf 85' lang='lat' dir='ltr'><strong>circa</strong></span> <span class='ocrx_word' id='word_1_265' title='bbox 1128 4052 1413 4156; x_wconf 69' lang='lat' dir='ltr'><strong>Hierosolymam</strong></span> <span class='ocrx_word' id='word_1_266' title='bbox 1432 4052 1888 4157; x_wconf 79' lang='lat' dir='ltr'><strong>conversantium-foss.</strong></span> <span class='ocrx_word' id='word_1_267' title='bbox 1945 4068 1949 4077; x_wconf 90' lang='lat'>&#39;</span> 
     </span>
     <span class='ocr_line' id='line_1_30' title="bbox 275 4172 1461 4276; baseline 0.003 -31"><span class='ocrx_word' id='word_1_268' title='bbox 275 4173 356 4272; x_wconf 85' lang='lat'><strong>159.</strong></span> <span class='ocrx_word' id='word_1_269' title='bbox 375 4172 440 4247; x_wconf 91' lang='lat' dir='ltr'><strong>lin.</strong></span> <span class='ocrx_word' id='word_1_270' title='bbox 458 4173 481 4247; x_wconf 77' lang='lat'><strong>3</strong></span> <span class='ocrx_word' id='word_1_271' title='bbox 502 4174 573 4276; x_wconf 84' lang='lat' dir='ltr'><strong>seq.</strong></span> <span class='ocrx_word' id='word_1_272' title='bbox 597 4173 673 4247; x_wconf 91' lang='lat' dir='ltr'><strong>duo</strong></span> <span class='ocrx_word' id='word_1_273' title='bbox 694 4172 841 4247; x_wconf 86' lang='lat' dir='ltr'><strong>versus:</strong></span> <span class='ocrx_word' id='word_1_274' title='bbox 862 4188 868 4197; x_wconf 87' lang='lat'>&#39;</span> <span class='ocrx_word' id='word_1_275' title='bbox 1457 4174 1461 4189; x_wconf 70' lang='lat'><strong>²</strong></span> 
     </span>
    </p>

    <p class='ocr_par' dir='ltr' id='par_1_9' title="bbox 654 4287 1500 4392">
     <span class='ocr_line' id='line_1_31' title="bbox 654 4287 1500 4392; baseline 0.004 -28"><span class='ocrx_word' id='word_1_276' title='bbox 654 4292 740 4364; x_wconf 89' lang='lat' dir='ltr'><strong>Hoc</strong></span> <span class='ocrx_word' id='word_1_277' title='bbox 764 4291 918 4365; x_wconf 75' lang='lat' dir='ltr'><strong>Titiomir</strong></span> <span class='ocrx_word' id='word_1_278' title='bbox 932 4315 1029 4391; x_wconf 88' lang='lat' dir='ltr'><strong>opus</strong></span> <span class='ocrx_word' id='word_1_279' title='bbox 1046 4315 1115 4362; x_wconf 88' lang='lat' dir='ltr'><strong>rex</strong></span> <span class='ocrx_word' id='word_1_280' title='bbox 1134 4287 1371 4366; x_wconf 72' lang='lat' dir='ltr'><strong>invictissime</strong></span> <span class='ocrx_word' id='word_1_281' title='bbox 1393 4309 1500 4392; x_wconf 79' lang='lat' dir='ltr'><strong>grata</strong></span> 
     </span>
    </p>

    <p class='ocr_par' dir='ltr' id='par_1_10' title="bbox 268 4407 1882 4879">
     <span class='ocr_line' id='line_1_32' title="bbox 655 4407 1494 4509; baseline 0.002 -28"><span class='ocrx_word' id='word_1_282' title='bbox 655 4408 787 4483; x_wconf 89' lang='lat' dir='ltr'><strong>Mente</strong></span> <span class='ocrx_word' id='word_1_283' title='bbox 804 4436 912 4509; x_wconf 87' lang='lat' dir='ltr'><strong>cape:</strong></span> <span class='ocrx_word' id='word_1_284' title='bbox 931 4424 969 4483; x_wconf 88' lang='lat' dir='ltr'><strong>et</strong></span> <span class='ocrx_word' id='word_1_285' title='bbox 988 4407 1098 4506; x_wconf 90' lang='lat' dir='ltr'><strong>pueri</strong></span> <span class='ocrx_word' id='word_1_286' title='bbox 1116 4407 1234 4480; x_wconf 84' lang='lat' dir='ltr'><strong>Brant</strong></span> <span class='ocrx_word' id='word_1_287' title='bbox 1247 4408 1494 4508; x_wconf 81' lang='lat' dir='ltr'><strong>Epriomatui.</strong></span> 
     </span>
     <span class='ocr_line' id='line_1_33' title="bbox 269 4524 1882 4629; baseline 0.001 -27"><span class='ocrx_word' id='word_1_288' title='bbox 269 4525 359 4602; x_wconf 93' lang='lat' dir='ltr'><strong>dein</strong></span> <span class='ocrx_word' id='word_1_289' title='bbox 375 4525 438 4598; x_wconf 90' lang='lat' dir='ltr'><strong>lin.</strong></span> <span class='ocrx_word' id='word_1_290' title='bbox 455 4524 489 4599; x_wconf 76' lang='lat'><strong>6.</strong></span> <span class='ocrx_word' id='word_1_291' title='bbox 509 4526 688 4626; x_wconf 88' lang='lat' dir='ltr'><strong>Epitorna</strong></span> <span class='ocrx_word' id='word_1_292' title='bbox 701 4526 807 4600; x_wconf 89' lang='lat' dir='ltr'><strong>urbis</strong></span> <span class='ocrx_word' id='word_1_293' title='bbox 824 4526 1098 4627; x_wconf 69' lang='lat' dir='ltr'><strong>Hierostrlymae</strong></span> <span class='ocrx_word' id='word_1_294' title='bbox 1116 4553 1186 4626; x_wconf 90' lang='lat' dir='ltr'><strong>per</strong></span> <span class='ocrx_word' id='word_1_295' title='bbox 1202 4525 1448 4624; x_wconf 82' lang='lat' dir='ltr'><strong>Sebastianum</strong></span> <span class='ocrx_word' id='word_1_296' title='bbox 1468 4527 1586 4600; x_wconf 73' lang='lat' dir='ltr'><strong>Bran!</strong></span> <span class='ocrx_word' id='word_1_297' title='bbox 1604 4525 1804 4629; x_wconf 77' lang='lat' dir='ltr'><strong>utriusque</strong></span> <span class='ocrx_word' id='word_1_298' title='bbox 1823 4528 1882 4626; x_wconf 88' lang='lat' dir='ltr'><strong>ju·</strong></span> 
     </span>
     <span class='ocr_line' id='line_1_34' title="bbox 268 4641 1881 4747; baseline 0 -27"><span class='ocrx_word' id='word_1_299' title='bbox 268 4646 322 4722; x_wconf 88' lang='lat' dir='ltr'><strong>ris</strong></span> <span class='ocrx_word' id='word_1_300' title='bbox 341 4644 540 4718; x_wconf 88' lang='lat' dir='ltr'><strong>doctorem</strong></span> <span class='ocrx_word' id='word_1_301' title='bbox 567 4641 687 4717; x_wconf 85' lang='lat' dir='ltr'><strong>subito</strong></span> <span class='ocrx_word' id='word_1_302' title='bbox 707 4645 897 4719; x_wconf 88' lang='lat' dir='ltr'><strong>collatum.</strong></span> <span class='ocrx_word' id='word_1_303' title='bbox 911 4645 1083 4740; x_wconf 84' lang='lat' dir='ltr'><strong>Basileae</strong></span> <span class='ocrx_word' id='word_1_304' title='bbox 1097 4671 1215 4744; x_wconf 85' lang='lat' dir='ltr'><strong>opera</strong></span> <span class='ocrx_word' id='word_1_305' title='bbox 1232 4662 1270 4718; x_wconf 91' lang='lat' dir='ltr'><strong>et</strong></span> <span class='ocrx_word' id='word_1_306' title='bbox 1282 4645 1448 4747; x_wconf 88' lang='lat' dir='ltr'><strong>impensa</strong></span> <span class='ocrx_word' id='word_1_307' title='bbox 1465 4645 1649 4719; x_wconf 76' lang='lat' dir='ltr'><strong>lobannis</strong></span> <span class='ocrx_word' id='word_1_308' title='bbox 1665 4643 1881 4745; x_wconf 70' lang='lat' dir='ltr'><strong>Bergmann</strong></span> 
     </span>
     <span class='ocr_line' id='line_1_35' title="bbox 269 4750 1881 4879; baseline 0.002 -41"><span class='ocrx_word' id='word_1_309' title='bbox 269 4764 315 4839; x_wconf 89' lang='lat' dir='ltr'><strong>de</strong></span> <span class='ocrx_word' id='word_1_310' title='bbox 341 4766 432 4868; x_wconf 82' lang='lat' dir='ltr'><strong>Olpe</strong></span> <span class='ocrx_word' id='word_1_311' title='bbox 453 4764 567 4841; x_wconf 89' lang='lat' dir='ltr'><strong>Anno</strong></span> <span class='ocrx_word' id='word_1_312' title='bbox 598 4764 701 4868; x_wconf 72' lang='lat'><strong>1495.</strong></span> <span class='ocrx_word' id='word_1_313' title='bbox 717 4763 897 4841; x_wconf 79' lang='lat' dir='ltr'><strong>Kalendis</strong></span> <span class='ocrx_word' id='word_1_314' title='bbox 921 4763 1076 4839; x_wconf 81' lang='lat' dir='ltr'><strong>Marciis</strong></span> <span class='ocrx_word' id='word_1_315' title='bbox 1093 4762 1133 4839; x_wconf 95' lang='lat' dir='ltr'><strong>in</strong></span> <span class='ocrx_word' id='word_1_316' title='bbox 1152 4763 1342 4841; x_wconf 87' lang='lat' dir='ltr'><strong>honorem</strong></span> <span class='ocrx_word' id='word_1_317' title='bbox 1368 4750 1618 4845; x_wconf 74' lang='lat' dir='ltr'><strong>sacrosanctae</strong></span> <span class='ocrx_word' id='word_1_318' title='bbox 1646 4763 1777 4879; x_wconf 77' lang='lat' dir='ltr'><strong>regiae</strong></span> <span class='ocrx_word' id='word_1_319' title='bbox 1800 4790 1881 4841; x_wconf 83' lang='lat' dir='ltr'><strong>ma-</strong></span> 
     </span>
    </p>
   </div>
   <div class='ocr_carea' id='block_1_8' title="bbox 0 0 2164 5700">
    <p class='ocr_par' dir='ltr' id='par_1_11' title="bbox 0 0 2164 5700">
     <span class='ocr_line' id='line_1_36' title="bbox 0 0 2164 5700; baseline 0 2"><span class='ocrx_word' id='word_1_320' title='bbox 0 0 2164 5700; x_wconf 95' lang='lat' dir='ltr'><strong> </strong></span> 
     </span>
    </p>
   </div>
  </div>
 </body>
</html>
