4320 5700
735 623 903 695 ttannx
936 620 1433 681 Istamoortsentcua

1060 801 1134 910 O.

285 1028 501 1114 Obsequentis
526 1022 646 1102 (Julii.
666 1032 680 1101 )
706 1023 934 1108 Prodigiorum
960 1018 1055 1082 liber.
1122 1016 1265 1104 Oppiani
1282 1016 1323 1080 de
1337 1017 1476 1105 piscibus
1494 1017 1569 1080 libri
1586 1018 1626 1085 V.
1641 1019 1686 1082 N.
1707 1028 1779 1104 296.

381 1131 429 1194 N.
445 1144 518 1213 219.
541 1115 617 1195 586.
1121 1121 1313 1208 Oppolitani
1336 1123 1461 1199 (Joan.)
1481 1122 1692 1210 colloquium.
1717 1127 1762 1190 N.
1782 1151 1854 1215 701.

281 1236 406 1301 Oclram
417 1234 576 1313 (Guielmi
584 1229 640 1310 de)
653 1233 854 1319 quodlibeta.
866 1230 911 1293 N.
926 1231 1001 1311 607.
1012 1264 1055 1279 -
1121 1225 1317 1312 opusculum
1336 1225 1376 1286 ad
1392 1247 1524 1295 annunc.
1540 1225 1579 1289 B.
1597 1229 1639 1292 V.
1660 1229 1705 1292 N.
1722 1243 1753 1298 2.

379 1342 550 1402 Tractatus
569 1337 609 1401 de
625 1339 758 1416 sacram,
779 1335 900 1398 altaris.
916 1332 961 1394 N.
981 1331 1053 1394 608.
1120 1327 1235 1393 Oratio
1253 1331 1293 1392 ad
1310 1331 1348 1392 Β.
1367 1331 1542 1417 Virginem.
1565 1332 1609 1395 N.
1628 1346 1659 1395 2.
1680 1370 1723 1386 -
1737 1337 1885 1401 funebris

283 1443 357 1506 Ode
376 1444 411 1505 in
436 1441 537 1504 natali
554 1441 609 1504 die
631 1440 744 1507 salvat.
772 1439 817 1504 N.
833 1452 864 1501 2.
885 1474 930 1488 -
950 1440 983 1498 in
1001 1437 1054 1498 die
1214 1435 1248 1494 in
1280 1433 1481 1520 depositione
1511 1437 1732 1500 Maximiliani
1762 1441 1882 1529 Imper.

373 1547 552 1633 palmarum
568 1545 649 1607 ibid.
665 1577 709 1594 -
730 1544 770 1607 de
785 1543 931 1631 pallione
950 1542 1055 1604 domi·
1213 1536 1258 1600 N.
1276 1539 1353 1616 545.
1376 1574 1420 1589 -
1440 1539 1512 1626 post
1531 1556 1668 1604 mortem
1684 1544 1885 1608 Maximilia-

378 1652 423 1718 ni.
442 1650 523 1712 ibid.
1212 1643 1247 1708 ni
1262 1641 1342 1702 caes.
1360 1646 1432 1704 555.

283 1753 533 1840 Oeeolampadii
562 1753 722 1829 (Joan.)
755 1753 879 1814 Graece
917 1748 1052 1813 litterat.
1115 1743 1290 1806 Orationes
1327 1747 1362 1808 in
1398 1746 1450 1808 die
1489 1748 1658 1814 electionis
1696 1751 1807 1818 Caroli
1835 1759 1876 1825 V.

204 1925 210 1933 ,
321 1897 326 1907 .
378 1856 553 1942 dragmata.
585 1855 630 1921 N.
656 1870 731 1939 4²7·
758 1890 803 1906 -
827 1853 994 1917 Homiliae
1020 1853 1054 1911 in
1212 1849 1259 1912 N.
1277 1850 1349 1914 585.

377 1961 467 2048 epist.
492 1959 528 2022 S.
553 1957 702 2025 loannis.
729 1971 803 2038 42ι.
826 1959 927 2020 -in
962 1955 1052 2042 epist.
1117 1952 1242 2016 Orbelli
1270 1955 1424 2031 (Nicol.)
1447 1955 1562 2019 Cursus
1580 1958 1808 2050 Philosophiae
1825 1988 1880 2030 na·

376 2064 411 2127 S.
425 2062 519 2126 Pauli
537 2063 696 2125 Annotat.
710 2065 786 2140 431.
808 2096 853 2112 -
879 2063 986 2122 oratio
1012 2061 1052 2121 de
1212 2058 1335 2119 turalis.
1352 2059 1394 2123 N.
1414 2061 1466 2138 34.
1483 2096 1526 2109 -
1541 2063 1674 2148 Logica.
1692 2071 1745 2128 55.

375 2148 640 2253 expostulatione
688 2163 803 2227 Christi
834 2186 906 2227 cum
942 2165 1051 2229 Petro.
1117 2160 1267 2223 Orbicius
1288 2161 1329 2223 de
1348 2162 1518 2225 ordinibus
1536 2169 1710 2233 exercitus.
1723 2172 1765 2234 N.
1785 2177 1856 2259 527.

378 2271 513 2352 55).-
527 2267 640 2330 Sermo
657 2265 697 2329 de
712 2268 910 2333 sacramento
934 2268 1053 2331 eucha·
1116 2265 1266 2352 Origenis
1289 2264 1453 2328 Homiliae
1483 2270 1529 2329 D.
1553 2269 1755 2354 Hieronymo
1780 2280 1880 2343 inter-

378 2371 496 2433 riffiae.
517 2371 594 2454 596.
612 2404 656 2423 -
671 2370 766 2458 super
788 2374 880 2436 verb.
913 2373 977 2437 hoe
1010 2372 1053 2435 est
1208 2384 1311 2457 prete.
1334 2368 1379 2431 N.
1395 2383 1447 2450 44.

378 2493 500 2561 corpus
512 2494 632 2538 meum.
650 2476 725 2556 430.
1116 2474 1231 2538 Ovidii
1256 2472 1347 2549 (Nas.
1373 2472 1422 2549 P.)
1457 2473 1534 2538 libri
1563 2477 1602 2542 de
1637 2482 1776 2547 tristibus
1810 2511 1883 2553 cum

282 2579 480 2647 Oerummii
501 2579 677 2667 e'xpofitio.
698 2578 744 2647 N·
767 2583 839 2646 506.
1210 2592 1424 2644 commentar.
1445 2581 1608 2652 Merulae.
1629 2586 1673 2649 N.
1697 2611 1768 2673 ¹7⁰·

1052 2833 1115 2943 P.

279 3073 793 3150 Paduam-(Hieron.)·Jesuida
819 3074 859 3136 de
885 3072 1044 3138 Passione.
1216 3074 1314 3161 ipsius
1340 3090 1373 3137 et
1397 3076 1571 3139 multorum
1587 3083 1689 3145 -de
1715 3088 1786 3151 otio
1810 3092 1887 3154 reli.

376 3179 423 3239 N.
440 3179 513 3241 226.
532 3181 606 3257 304.
851 3198 856 3203 ·
1215 3177 1377 3263 giosorum
1404 3216 1447 3229 -
1472 3180 1512 3242 de
1546 3186 1641 3247 rebus
1665 3195 1884 3259 memorandis

279 3281 383 3346 Paffio
399 3284 446 3347 D.
461 3283 506 3343 N.
522 3282 598 3346 Jesu
617 3279 746 3343 Christi.
765 3281 810 3343 N.
832 3304 901 3344 ιο0.
922 3284 994 3367 637.
1213 3280 1289 3342 libri
1314 3282 1375 3344 IV.
1397 3319 1441 3334 -
1465 3284 1506 3347 de
1526 3289 1678 3353 remediis
1696 3298 1885 3385 utriusquae

278 3386 371 3448 Pauli
379 3386 500 3448 Veneti
516 3385 556 3446 de
566 3407 634 3470 reg.
647 3385 797 3447 oriental.
811 3386 905 3447 liber.
926 3387 969 3446 N.
980 3387 1052 3466 484.
1211 3387 1543 3452 fortunae-devera
1553 3393 1886 3481 sapientia-devita

284 3490 413 3575 Pelsrgi
432 3489 613 3564 (Ambros.)
638 3488 811 3576 Opuscula.
835 3490 879 3551 N.
900 3493 972 3584 552.
1212 3488 1355 3552 solitaria
1371 3491 1507 3557 libri'II.
1518 3531 1561 3547 ·-
1577 3501 1720 3589 Epistol·
1731 3506 1770 3568 ad
1784 3505 1884 3570 Caro.

279 3593 447 3656 l’erchorii
486 3593 634 3667 (Petri.)
666 3593 788 3659 morale
821 3592 1051 3656 reductorium.
1211 3593 1630 3683 lumV.·-·Epistolae.-·
1649 3609 1884 3674 familiares.-

375 3697 419 3759 N.
442 3696 519 3758 260.
1210 3699 1524 3764 metricae-rerum
1533 3705 1721 3770 similium-
1730 3714 1884 3798 Epitome

279 3800 404 3862 Perotti
436 3799 580 3875 (Nicol.)
611 3797 848 3885 Cornucopiae.
872 3800 916 3860 N.
940 3821 971 3881 9.
999 3802 1049 3862 68.
1211 3799 1377 3862 illustrium
1394 3807 1549 3870 virorum.
1566 3845 1608 3860 —
1625 3811 1882 3880 Invectivacon-

380 3923 453 3985 190.
468 3939 512 3954 -
527 3902 669 3964 Libellus
688 3904 727 3966 de
744 3921 846 3966 metro
866 3904 994 3965 Horatii
1017 3919 1050 3965 et
1210 3914 1259 3962 tra
1289 3904 1416 3967 Gallum
1432 3941 1475 3956 -
1489 3913 1702 3978 itinerarium.
1720 3953 1774 3980 -.
1794 3922 1882 4008 Ope.

375 4008 500 4073 Boetii.
522 4009 596 4070 528.
622 4009 696 4088 594.
1208 4025 1302 4065 ra-
1324 4007 1523 4097 Propositum
1540 4018 1661 4077 factum
1680 4040 1787 4082 coram
1806 4047 1883 4109 rege

277 4111 433 4176 Perronei
466 4109 653 4186 (Claudii.)
682 4111 861 4173 doctrinale
887 4110 1041 4174 humano·
1207 4109 1408 4196 Hungariae.
1425 4116 1651 4179 —Secretum
1671 4121 1711 4184 de
1731 4129 1881 4191 conflictu

374 4237 445 4276 rum
460 4213 506 4276 N.
525 4217 598 4297 579.
1208 4234 1355 4276 curarum
1378 4217 1515 4281 suarum.
1541 4257 1584 4272 -·
1613 4224 1744 4311 Septem
1769 4231 1880 4315 psalmi

276 4319 850 4384 Persiuseumtribuscommentariis.
868 4317 912 4381 Ν.
922 4322 1045 4404 259-
1205 4320 1468 4404 poenitentiales.
1495 4325 1632 4388 -Vita
1656 4352 1716 4417 per
1740 4334 1878 4402 Hieron.

377 4423 524 4505 Satyrae.
552 4444 621 4504 197.
1205 4422 1454 4506 Squarzasicum.

274 4527 464 4590 Petramhae
490 4531 632 4602 (Franc.)
651 4526 782 4587 Affrica.
805 4525 849 4590 N.
867 4539 920 4610 29.
943 4528 1048 4590 Buco·
1109 4525 1193 4584 Petri
1214 4529 1348 4604 (Mart.)
1361 4528 1400 4590 (le
1416 4529 1507 4594 insul·
1518 4539 1657 4622 repertis
1672 4540 1731 4603 lib.
1742 4542 1786 4605 N.
1804 4547 1878 4627 484.

372 4632 471 4694 licum
496 4650 632 4692 carmen.
663 4631 744 4691 ibid.
770 4664 814 4681 -
839 4630 1046 4717 Colloqnium
1206 4664 1249 4678 -
1266 4632 1479 4697 Euchiridion
1498 4636 1538 4699 de
1555 4640 1664 4703 irrsulis
1683 4657 1744 4706 etc.
1767 4648 1842 4710 585.

375 4737 472 4797 trium
503 4734 638 4797 dierum.
669 4770 711 4784 -
744 4750 858 4798 contra
891 4738 1048 4798 medicum
1112 4733 1286 4796 Phalaridis
1314 4736 1477 4824 Epistulae
1503 4764 1562 4828 per
1580 4747 1691 4808 Franc.
1709 4749 1880 4819 Aretissam

376 4841 598 4931 objurgantem
621 4873 670 4926 .·''
705 4839 744 4902 de
785 4841 970 4928 ignorantia
1001 4841 1049 4902 sui
1210 4838 1383 4905 traductae.
1405 4842 1450 4906 N.
1475 4846 1547 4924 624.

1449 4949 1585 5014 Mun
1669 4926 1672 4931 ¹
