4320 5700
821 393 844 429 ⁸
888 421 897 434 «

689 598 929 662 CATALOGUS
955 596 1332 658 nmuocnaeulcus
1357 597 1481 655 tinxi
1600 603 1603 609 '
1844 593 1888 688 57

284 787 378 861 locis
400 813 421 858 a
447 781 675 884 quibusdam
695 797 941 881 repravatum
964 804 1064 853 auno
1091 778 1168 852 iam
1191 777 1480 851 MCCCCCXI.
1507 777 1622 854 tertio
1642 805 1762 856 nonas
1780 784 1890 861 Febr.
1944 875 1945 878 Ἴ

288 904 462 976 Coloniae
478 900 516 972 in
537 898 781 974 laudatillima
799 896 955 972 officina
970 895 1214 994 ingeniorum
1232 896 1399 969 filiorum
1419 895 1587 998 Quentell
1600 899 1712 998 longe
1731 903 1889 1001 politius·

284 1037 398 1121 atque
415 1018 619 1120 perfectius
651 1021 699 1092 est
728 1031 934 1092 exaratum.
969 1013 1081 1088 Char.
1108 1014 1211 1113 goth.
1229 1013 1319 1087 min
1347 1013 1423 1086 1011.
1446 1020 1504 1104 42.
1535 1015 1678 1091 111132.
1705 1018 1888 1119 interject.

175 1159 180 1171 ’
287 1138 422 1238 spatiis.
448 1142 481 1225 l.
566 1217 571 1228 ¹

473 1277 600 1334 Pameri
616 1274 721 1330 Annal.
742 1273 875 1349 Typogr.
893 1272 928 1326 T.
939 1269 965 1325 6.
981 1290 1010 1345 p.
1021 1271 1083 1344 37¹·
1101 1268 1138 1325 N.
1150 1269 1213 1326 215.
1235 1269 1367 1356 Clemens.
1386 1272 1421 1327 T.
1432 1282 1457 1344 4.
1475 1272 1576 1347 piso.
1594 1273 1663 1330 datis
1688 1275 1717 1330 la
1736 1294 1820 1348 not03
1849 1300 1889 1336 on

572 1366 706 1423 caulem
723 1381 775 1421 etc.

384 1560 463 1647 164.
481 1599 529 1620 -
556 1556 789 1658 Qnadrr'ezitm
803 1552 1027 1626 Gramatiees
1050 1553 1203 1625 Ioannis
1225 1552 1401 1627 Cochloei
1414 1553 1547 1626 Norici
1565 1557 1705 1632 artium
1724 1547 1891 1660 Magistri

283 1676 544 1775 Non‘mbergoe
557 1700 682 1775 nuper
702 1671 966 1747 elucubratum
979 1673 1068 1769 (pro
1081 1669 1278 1744 iuuentute
1289 1669 1451 1745 Scholae
1465 1672 1764 1776 laurentiannae)
1780 1706 1891 1779 prae-

280 1795 409 1870 sertim
422 1820 544 1867 novae
564 1792 720 1866 domus:
738 1816 810 1890 pro
831 1786 1147 1862 mansuetioribus
1165 1788 1301 1862 litteris
1321 1793 1549 1864 exstructae:
1582 1793 1687 1892 quod
1709 1796 1801 1870 Deo-
1826 1827 1889 1872 au-

278 1910 377 2013 lpice
396 1939 498 1986 nunc
515 1911 639 2011 prima
668 1907 721 1982 lui
745 1907 912 1982 editione
933 1906 1217 2005 calcographiae
1245 1907 1466 1982 mandatum
1497 1908 1543 1983 ad
1567 1910 1694 1986 felices
1717 1915 1889 2013 primurn

275 2029 484 2128 juventutis
494 2027 747 2124 Nurembergzls
756 2056 769 2098 .·
796 2023 931 2098 deinde
957 2040 1197 2098 caeterorum
1222 2023 1401 2098 successus
1423 2026 1739 2105 scholasticorum
1767 2034 1806 2106 in
1833 2036 1890 2109 lu·

279 2173 366 2221 cem
383 2145 564 2220 emititur.
582 2186 632 2201 -
650 2143 812 2218 Haecin
831 2141 958 2215 fronte
982 2166 1069 2213 cum
1092 2147 1124 2229 4.
1146 2141 1313 2215 verlibus
1337 2143 1489 2215 Horatii
1511 2144 1551 2217 in
1576 2163 1656 2220 arte
1680 2150 1833 2247 poetica
1851 2171 1890 2228 et

280 2262 546 2363 explanatione
572 2276 738 2361 quatuor
756 2259 923 2358 partium
944 2257 1153 2354 Quadrivii.
1169 2302 1214 2317 -
1236 2259 1298 2332 101.
1327 2260 1408 2333 eod.
1438 2261 1529 2334 Ioou
1558 2265 1708 2338 Cocllei
1725 2269 1888 2368 Epistola

275 2379 461 2478 regillum}
478 2379 596 2453 totius
627 2375 816 2477 quadrivii
839 2415 882 2429 —
915 2374 978 2447 101.
1001 2402 1029 2447 1.
1064 2375 1319 2471 Quadrivium
1339 2378 1476 2452 -101,
1499 2381 1557 2478 93.
1581 2381 1615 2455 b.
1646 2383 1708 2457 lin.
1727 2387 1784 2459 26.
1813 2389 1884 2462 im-

277 2496 443 2595 prellum
462 2500 510 2571 est
526 2495 601 2569 hoc
621 2492 876 2591 Quadrivium
895 2492 1155 2592 Noninbergae
1170 2522 1191 2567 a
1208 2495 1348 2568 loonne
1368 2496 1514 2570 Strnlu:
1539 2499 1653 2574 Anno
1674 2501 1887 2581 dominicae

231 2608 234 2615 ’
280 2613 550 2688 incarnationis
570 2612 752 2706 milelimo
772 2608 1070 2711 quingentefimo
1092 2611 1297 2686 undecimo
1322 2614 1509 2714 Kalendas
1536 2617 1750 2692 Marcii...
1773 2623 1884 2700 Char.

281 2731 385 2828 goth.
403 2772 454 2790 -
475 2716 558 2804 Lat.
577 2729 711 2828 glollae
726 2726 884 2826 margin.
903 2728 979 2802 1011.
998 2728 1083 2827 lign.
1098 2729 1154 2826 93.
1176 2729 1238 2803 lin.
1256 2736 1313 2820 42.
1335 2739 1367 2820 4.

469 2869 598 2924 Ponzeri
611 2865 718 2922 Annal.
737 2867 870 2940 Typogr.
891 2867 925 2922 Τ.
935 2886 961 2939 7.
979 2877 1081 2942 p.449.
1100 2867 1138 2922 N.
1150 2887 1197 2940 7¹·

377 3059 454 3132 165.
471 3099 520 3116 -
538 3056 666 3129 Publii
682 3056 710 3129 Ἰ
710 3058 842 3128 ereutii
860 3057 1049 3129 Comedtiie
1066 3084 1153 3131 cum
1177 3060 1485 3136 annotationibus
1505 3064 1609 3138 Petri
1631 3065 1749 3164 Marsi
1763 3086 1800 3144 et
1821 3071 1887 3145 Pe-

274 3177 350 3249 culi
366 3175 524 3247 Maleoli
537 3175 576 3246 in
593 3173 749 3272 fingulas
765 3174 889 3247 scenas
908 3199 994 3246 cum
1018 3173 1141 3249 indice
1160 3176 1371 3253 dictionum
1389 3178 1451 3253 seu
1468 3181 1740 3260 vocabularum
1751 3230 1801 3244 -
1816 3191 1887 3263 Di-

276 3293 420 3366 llicbon
439 3291 485 3366 ad
502 3291 718 3363 Lectorem.
742 3331 784 3344 -
806 3291 909 3363 Haec
938 3290 977 3363 in
998 3291 1124 3363 fronte
1144 3285 1285 3365 litteris
1309 3293 1573 3398 rubro-nigris.
1599 3301 1663 3375 101.
1688 3306 1770 3379 eod.
1794 3309 1886 3409 Epi·

275 3411 365 3484 stola
381 3410 497 3483 Pauli
509 3409 684 3483 Malleoli
709 3407 973 3481 Andelacenfis
988 3409 1033 3482 ad
1056 3408 1247 3482 Ilobertum
1269 3411 1449 3508 Gagrimm
1477 3433 1675 3494 oratorum
1695 3466 1741 3481 -
1766 3426 1829 3500 101.
1850 3454 1883 3500 2.

203 3556 207 3561 ·
273 3528 389 3602 index
397 3529 684 3603 vocabulorum.
700 3524 763 3597 101.
777 3527 809 3598 5.
819 3525 993 3599 Terentii
1012 3524 1218 3600 vita-iol.
1232 3554 1261 3624 7.
1283 3528 1330 3603 de
1346 3531 1514 3630 tragedia
1532 3551 1569 3609 et
1581 3540 1753 3615 comedia
1764 3559 1883 3616 etc.—

267 3644 350 3719 ·1011.
369 3671 422 3719 ro.
441 3671 521 3719 non
537 3644 623 3742 lign.
654 3640 816 3716 Terentii
832 3641 1090 3743 Epitaphium.
1111 3644 1174 3717 101.
1192 3671 1218 3718 1.
1239 3645 1325 3744 lrgn.
1348 3646 1633 3746 Argumentum
1649 3657 1818 3732 Andriae
1835 3705 1889 3719 --

273 3760 337 3834 101.
361 3789 438 3836 120.
463 3763 526 3835 lin.
546 3762 604 3834 28.
633 3758 828 3862 impressae
846 3760 1047 3857 Argentzne
1068 3787 1140 3861 per
1160 3762 1357 3836 Martinam
1382 3766 1496 3839 nach
1523 3769 1696 3870 impensis
1729 3776 1884 3849 Ioannis

274 3878 487 3954 mallant
518 3879 634 3953 Anno
658 3879 709 3952 M.
728 3879 775 3952 D.
795 3879 862 3951 xt
891 3877 950 3950 die
973 3878 1158 3951 Mercurii
1182 3884 1263 3979 post
1281 3881 1428 3955 Festum
1447 3883 1703 3986 allumptionis
1736 3893 1882 3969 Mariae

276 3997 455 4097 Virginis.
476 3996 588 4072 Char.
612 3996 714 4096 goth.
734 3994 869 4096 glollae
888 3994 1081 4093 marginal.
1099 3995 1172 4069 soll.
1192 3996 1277 4096 lign.
1294 4023 1369 4071 rao.
1388 3998 1451 4073 lin.
1463 4002 1520 4075 30.
1534 4011 1567 4092 4.
1607 4000 1609 4006 ’
1853 4030 1860 4043 ·

356 4189 361 4197 ,
468 4136 596 4192 Ponuri
611 4133 715 4190 Annal.
732 4133 865 4211 Typogr.
884 4135 919 4189 ’1.
937 4133 962 4190 6.
981 4135 1069 4223 P·,⁵¹·
1087 4135 1125 4190 N.
1136 4151 1199 4192 210.

375 4303 454 4376 166.
471 4345 521 4359 -
536 4303 769 4376 Mamotretus
782 4301 894 4403 super
916 4302 1089 4377 Biblrism.
1109 4345 1160 4362 —
1184 4304 1346 4379 Haecin
1371 4306 1509 4384 fronte.
1531 4311 1596 4388 101.
1615 4319 1751 4393 eodem
1769 4322 1803 4397 b.
1824 4324 1880 4399 in.

275 4420 368 4520 cipit
383 4419 647 4494 vocabularius
669 4419 709 4493 in
728 4421 1027 4497 Mamotrectum
1040 4421 1245 4496 secundum
1264 4422 1439 4521 ordinem
1459 4429 1649 4530 alphabeti
1661 4430 1710 4493 ’-
1722 4416 1783 4512 101.
1800 4470 1877 4539 ¹7¹·

273 4538 308 4611 b.
329 4538 391 4612 lin.
408 4539 466 4611 33.
485 4534 693 4636 expliciunt
719 4538 970 4639 expofitiones
996 4555 1033 4614 et
1057 4541 1313 4616 correctiones
1337 4546 1630 4637 vocabulorum,
1661 4557 1725 4654 qui
1751 4561 1877 4658 appel-

272 4657 397 4732 lantur
413 4657 664 4731 Mamotrectus
679 4655 833 4744 belline,
853 4684 969 4758 quam
988 4657 1151 4732 aliorum
1168 4659 1426 4759 plurimorum
1447 4665 1643 4742 librorum.
1661 4671 1877 4768 impcellum

274 4775 382 4850 Melie
404 4801 506 4849 anno
535 4774 681 4850 domini
709 4775 895 4852 Milelimo
924 4776 1222 4879 quingentesimo
1256 4780 1470 4855 undecimo.
1493 4785 1553 4857 die
1575 4782 1613 4858 X
1631 4787 1788 4887 septimo
1807 4790 1837 4862 F
1840 4818 1876 4866 e-

375 4893 449 4968 Vol.
468 4893 516 4966 II.
599 4953 602 4958 .
773 4936 776 4941 ·
1457 4899 1492 4970 H
