4320 5700
178 628 181 635 '
273 607 323 696 84
649 624 890 683 CATALOGUS
916 623 1292 706 umuoonarmcus
1318 626 1455 688 mlxv,

269 831 338 879 nes
354 803 534 879 eiusdem.
551 846 600 862 -
627 807 877 879 Cerrtzinetrum
892 806 1018 880 Mauri
1039 802 1156 880 Semi
1174 771 1364 881 Horaiatr'.
1387 850 1437 865 -
1460 807 1708 908 grammatici.
1740 851 1787 867 -
1818 808 1884 883 Ar-

267 923 465 1024 pdabetam
479 949 649 1022 graecum
671 952 759 1000 cum
774 925 985 1000 dictionum
1009 952 1232 1026 graecarum
1255 925 1444 1026 apicibus,
1469 925 1534 1026 qui
1563 927 1603 999 in
1624 927 1789 1002 aliorum
1816 929 1883 1003 im·

261 1026 526 1142 >prellionibus
546 1042 632 1118 lunt
654 1044 827 1143 neglecti.
847 1087 893 1102 -
912 1044 974 1117 Ad
991 1045 1084 1119 haec
1103 1045 1231 1118 omnia
1245 1044 1454 1144 spectabilis
1475 1045 1595 1119 lector
1612 1044 1796 1120 hactenus
1805 1073 1883 1122 non

274 1159 352 1235 vila
366 1161 515 1234 Scholia
534 1161 573 1235 in
590 1164 686 1236 Arte
702 1162 870 1237 metrica
899 1162 1094 1260 Tabr‘ngen.
1111 1205 1161 1220 -
1184 1163 1289 1238 Haec
1308 1163 1347 1237 in
1374 1161 1501 1237 fronte
1522 1163 1659 1238 litteris
1682 1163 1804 1247 rubro
1828 1165 1884 1238 ni·

272 1280 363 1378 gris.
384 1279 617 1378 cuminfigni
639 1297 789 1381 typogr.
810 1281 856 1354 A.
878 1281 921 1353 Β.
946 1281 1064 1353 limbo
1080 1279 1233 1378 incluso.
1248 1281 1367 1354 -fot
1382 1280 1465 1355 eod.
1483 1281 1517 1354 b.
1538 1282 1658 1355 Ioann
1668 1282 1887 1356 Hr'ltebrand

273 1397 384 1498 Epist.
404 1398 450 1473 ad
468 1399 551 1472 lect.
570 1438 617 1454 -
638 1398 701 1472 fol.
718 1425 795 1471 122.
814 1397 877 1472 lin.
899 1399 953 1472 18.
978 1400 1163 1497 Tabrirgae
1177 1399 1216 1472 in
1232 1398 1386 1473 aedibus
1411 1396 1570 1472 Tiamaa
1586 1396 1786 1496 Anshelmi
1813 1403 1885 1475 Ba·

273 1515 394 1613 densr's
418 1514 547 1590 Mense
573 1515 714 1590 Martio
743 1518 857 1589 Anno
877 1517 988 1592 MD.
1000 1517 1086 1592 XV
1108 1518 1220 1592 Char.
1248 1517 1354 1590 mixt.
1381 1533 1484 1615 gom.
1508 1519 1567 1591 lat.
1596 1518 1673 1591 foll.
1709 1546 1788 1594 raa.
1807 1547 1885 1594 non

276 1633 572 1732 figurant

470 1775 598 1829 Pauzeri
612 1775 677 1827 Ann
680 1773 717 1827 al.
737 1775 868 1851 Typogr.
889 1775 925 1831 T.
943 1771 970 1830 8.
992 1795 1021 1851 Ρ.
1039 1775 1102 1832 526.
1119 1777 1158 1832 N.
1169 1789 1214 1850 40.
1234 1723 1335 1832 Maia.
1357 1777 1392 1831 Τ.
1401 1791 1428 1832 2.
1455 1796 1485 1907 Ρ.
1477 1775 1557 1832 Aba.
1576 1775 1683 1832 confer.
1708 1776 1777 1833 edit.
1797 1775 1886 1853 prior
1961 1789 1966 1804 ·

566 1864 654 1920 huius
671 1881 727 1920 cat.
827 1880 830 1886 '

376 2063 458 2147 244.
477 2100 527 2115 -
548 2058 782 2132 Elucr'darrirs
805 2057 1030 2132 Carminnm
1054 2074 1094 2132 et
1116 2058 1434 2134 historiarumvel
1462 2059 1713 2135 vocabularius
1734 2063 1890 2160 poenitus

279 2175 478 2251 continens
498 2174 663 2263 fabulas,
685 2176 887 2261 Historias,
906 2177 1148 2265 Provincias,
1168 2178 1307 2264 Urbes,
1327 2176 1485 2266 lnlulas,
1508 2178 1664 2253 Fluvios
1680 2195 1720 2254 et
1740 2179 1889 2254 Montes

272 2295 438 2370 'illustres
456 2294 657 2392 diligenter
674 2295 800 2369 denno
829 2295 982 2369 revisus.
1008 2298 1104 2369 ltem
1126 2296 1310 2370 vocabula
1334 2312 1371 2370 et
1390 2296 1725 2394 interpretationes
1749 2301 1890 2372 Greco-

278 2413 368 2489 rum
389 2430 428 2488 et
443 2412 745 2487 Hebraicorum:
761 2440 839 2486 una
856 2439 945 2486 cum
964 2413 1159 2487 vocabulis
1175 2415 1442 2488 communibus
1463 2415 1765 2489 sarracenorum
1786 2415 1827 2489 in
1842 2415 1892 2490 la·

279 2533 406 2607 tinum
421 2530 630 2605 translatis:
650 2545 689 2603 et
707 2529 787 2603 aliis
808 2530 847 2602 i'n
862 2531 936 2604 fine
955 2531 1148 2629 adjunctis.
1167 2533 1219 2604 M.
1232 2533 1280 2606 D.
1292 2532 1380 2605 XV.
1396 2576 1444 2592 -·
1458 2532 1564 2606 Haec
1580 2532 1620 2605 in
1635 2533 1765 2608 fronte
1782 2533 1889 2608 litter.

276 2651 397 2726 rubro
425 2648 555 2749 nigris.
583 2686 630 2703 -
647 2648 721 2740 4101.
741 2649 797 2747 59.
826 2648 889 2722 110.
910 2649 967 2738 34.
997 2666 1127 2725 exacta
1154 2650 1379 2725 mendarum
1401 2649 1632 2733 resecatione
1657 2650 1706 2725 ad
1727 2651 1892 2735 adhibita

285 2769 504 2843 Wlhelmus
523 2765 719 2862 Schaffner
735 2766 773 2840 in
790 2768 934 2866 oppido
959 2771 1049 2841 Care
1064 2769 1217 2867 (Labr)
1238 2770 1364 2846 denuo
1381 2768 1545 2844 excullit.
1563 2769 1649 2844 Oct.
1664 2769 1748 2844 Kal.
1759 2767 1890 2845 Marcii

278 2890 394 2962 Anno
412 2887 514 2962 salut.
537 2887 590 2959 M.
601 2887 649 2959 D.
659 2886 739 2958 XV.
760 2886 872 2961 Char.
892 2887 996 2983 goth.
1018 2886 1623 2988 ιο10010.1011.000[16059110.
1643 2895 1702 2978 44.
1723 2894 1758 2977 4.

449 3052 454 3065 =
472 3027 576 3083 Editio
593 3023 755 3081 hucusdum
772 3041 831 3078 non
850 3026 992 3079 recensita.

378 3199 460 3285 245.
481 3236 528 3253 -
544 3197 704 3269 Ioannes
722 3194 919 3269 Dobenrirs
933 3192 1099 3269 Lectori.
1116 3195 1244 3271 Habes
1263 3183 1403 3270 iterum
1419 3192 1562 3271 Marias
1585 3195 1806 3272 encomium
1821 3222 1892 3298 pro
1931 3246 1937 3255 ·

281 3311 552 3413 castigatillimo
570 3313 777 3411 castigatius
797 3341 874 3388 una
890 3339 978 3387 cum
991 3310 1131 3409 ³Listrr'r'
1152 3313 1435 3389 commentariis
1460 3331 1498 3389 et
1524 3315 1605 3389 aliis
1631 3314 1909 3416 complusculis·

281 3430 441 3514 libellis,
463 3455 542 3503 non
559 3429 685 3502 minus
705 3429 863 3502 eruditis
880 3457 995 3530 quam
1015 3430 1169 3518 festivis,
1192 3458 1361 3532 quorum
1371 3432 1595 3531 Catalogum
1613 3433 1792 3533 proxima
1805 3458 1895 3507 mox

283 3548 467 3624 indicabit
485 3547 640 3647 pagella.
665 3539 874 3620 bene'vale.
897 3589 947 3603 -
971 3548 1076 3622 Haec
1095 3547 1134 3619 in
1162 3550 1286 3623 fronte
1310 3549 1449 3624 Limbo
1479 3567 1622 3625 ornata.
1659 3548 1724 3626 101.
1751 3551 1834 3627 eod.
1861 3550 1895 3625 b.

281 3673 325 3746 in
342 3670 417 3744 hoc
437 3692 554 3769 opere
578 3681 777 3740 contenta:
797 3709 846 3724 -
862 3666 994 3741 Ludus
1011 3666 1054 3740 L.
1073 3666 1226 3739 Annaei
1242 3669 1416 3756 Senecae,
1435 3668 1481 3743 de
1502 3685 1627 3744 morte
1651 3668 1897 3745 Claudr'r‘Cae·

283 3789 396 3878 laris,
420 3812 545 3888 nuper
562 3785 603 3858 in
622 3783 829 3859 Germania
844 3801 1020 3886 repertus
1039 3785 1634 3863 001080110Ιί10ΒιαιιἨΙιιιιαιιιῖ
1654 3829 1704 3844 -
1729 3786 1897 3889 &nestas

286 3906 502 4014 Cyrenensis
514 3906 561 3980 de
579 3903 752 3981 laudibus
774 3905 929 3989 Cala'tr'i,
939 3904 1079 3978 Ioanne
1091 3905 1212 3979 Phrea
1224 3905 1408 3981 Britanno
1427 3904 1657 4008 interprete,
1679 3905 1899 3981 001080100-

283 4031 344 4104 liis
365 4029 478 4104 Beati
490 4026 677 4100 Rhenaar'.
694 4067 745 4083 -
758 4021 908 4120 Erasmr‘
921 4024 1155 4098 Roterodami
1168 4025 1310 4098 Mariae
1329 4025 1575 4113 Encomium,
1593 4051 1682 4100 cum
1702 4048 1900 4105 commen·

284 4147 391 4221 tariis
411 4145 600 4220 Gerhardi
621 4143 764 4242 Listrr'r',
784 4143 904 4216 trium
920 4142 1136 4242 linguarum
1156 4142 1280 4243 periti.
1299 4184 1349 4200 -
1362 4141 1526 4242 Epistola
1541 4143 1779 4246 apologetica
1789 4140 1901 4242 ΕΜ]-

287 4293 338 4337 mr
337 4265 593 4337 ''Boterodarnr
608 4264 654 4338 ad
672 4263 869 4338 Martinam
883 4263 1058 4362 Dorpriem
1081 4261 1299 4360 theologam.
1325 4262 1388 4338 fol.
1418 4261 1496 4360 137.
1530 4289 1610 4337 non
1635 4263 1721 4362 fign.
1750 4262 1813 4338 lin.
1838 4290 1897 4360 27.

287 4382 474 4458 Annollll.
485 4382 533 4454 D.
543 4382 695 4454 XV.-
724 4381 787 4454 fol
808 4381 891 4455 eod
914 4381 950 4454 b.
976 4380 1116 4484 infigne
1142 4398 1294 4480 typogr.
1318 4380 1397 4457 lah.
1420 4290 1511 4457 Frib
1536 4380 1762 4495 Basilrerrsis.
1785 4380 1897 4458 Char.
2002 4466 2007 4473 ⁸

290 4503 351 4579 lat.
377 4498 507 4604 grand.
525 4499 600 4573 1011.
627 4486 703 4594 137.
724 4526 803 4572 non
819 4500 904 4598 fign
925 4499 988 4575 lin.
1006 4505 1117 4600 294·

484 4664 565 4720 Haec
580 4658 670 4715 editio
686 4657 796 4735 [plendi
798 4657 909 4714 diffuna
927 4679 997 4734 pem
986 4661 1042 4714 itus
1061 4659 1145 4713 differ
1147 4675 1184 4714 t
1185 4658 1212 4714 rb
1230 4678 1281 4726 ea,
1302 4679 1388 4734 qnam
1405 4661 1555 4718 Panrerar
1574 4663 1611 4735 T.
1618 4661 1645 4720 6.
1660 4681 1690 4738 p.
1701 4663 1763 4738 ²93·
1784 4662 1896 4738 11139.

579 4771 607 4811 et
616 4753 804 4809 Maittairias
813 4754 849 4808 Τ.
860 4769 886 4807 2.
896 4773 925 4828 p.
935 4765 998 4826 272.
1014 4749 1223 4806 recensuerunt.
1233 4772 1300 4807 nam
1316 4754 1434 4829 ipsemet
1441 4756 1600 4812 Frobeaius
1610 4757 1642 4811 in
1651 4753 1747 4829 [ronta
1758 4769 1896 4820 annotat,

578 4847 655 4905 bano
672 4846 828 4905 editionem
845 4849 950 4904 iterum
974 4844 1158 4920 castigatam,
1183 4845 1327 4923 prodiisse.
1344 4846 1397 4904 illa
1412 4850 1490 4905 enim
1512 4846 1624 4917 editio,
1648 4866 1736 4934 qnam
1750 4846 1900 4906 Panum

1176 4940 1201 4981 o
