4320 5700
669 618 908 680 caranosus
934 616 1308 676 srnnoonnrntcus
1334 615 1485 674 nnvnr.
1831 596 1878 693 39

272 800 400 875 medio
422 826 443 872 a
460 799 595 872 dextro
611 798 872 897 calphuminus
887 771 927 871 et
945 824 968 870 a
985 795 1123 868 sinistro
1142 812 1304 895 uterque
1319 792 1493 874 scribens.
1514 835 1560 848 -
1576 791 1681 865 llaec
1706 790 1746 864 in
1772 791 1877 866 fron·

282 935 329 992 te.
347 902 469 988 ..wa''
492 914 637 989 eodem.
658 915 888 1013 Biographia
909 915 1120 985 Tareninu-
1133 911 1196 985 fol.
1215 918 1247 1001 4.
1266 911 1409 985 Donati
1426 909 1745 1008 interpretatio·
1762 908 1882 1008 f.119.

186 1042 202 1055 “
283 1037 345 1108 lin.
365 1034 422 1124 53.
438 1032 524 1106 finis
542 1031 907 1134 commentariorum
925 1031 1033 1103 He'lii
1048 1031 1193 1128 Donati
1203 1028 1371 1127 superyP.
1394 1028 1552 1100 Terentii
1568 1025 1659 1123 Afri
1674 1025 1883 1100 comoediis
2011 1105 2013 1111 ,

277 1178 443 1226 necnon
460 1148 645 1224 Johannis
666 1136 883 1248 Cnlphurnii
898 1147 1009 1247 super
1026 1137 1375 1220 Heautonimorum
1398 1145 1558 1219 feliciter
1574 1142 1794 1243 impressum
1818 1144 1881 1216 Ve-

275 1272 385 1342 netirs
401 1269 515 1341 Anno
530 1268 689 1342 Domini
706 1267 1020 1340 MCCCCCVlll.
1035 1261 1523 1339 dieXXlll.menf1sJunii.
1541 1261 1652 1334 Char.
1669 1262 1730 1335 lat.
1747 1261 1876 1360 grand.

279 1388 317 1460 in
331 1401 439 1460 textu
456 1385 594 1457 med...
613 1385 653 1457 in
670 1401 872 1458 comment.
892 1382 1026 1482 glossae
1046 1407 1161 1481 marg.
1179 1381 1255 1454 soll.
1277 1388 1354 1478 ¹¹9·
1372 1405 1475 1453 num.
1495 1380 1557 1452 lin.
1578 1380 1735 1454 Textus.
1752 1379 1878 1454 ultimi

169 1586 173 1594 Ι
278 1502 340 1577 sol.
361 1503 418 1601 39.
438 1528 575 1576 comm.
593 1501 689 1574 60.f.

465 1641 594 1695 Panzeri
611 1639 715 1694 Annnl.
734 1653 849 1715 typogr.
876 1639 910 1693 Τ.
927 1634 955 1694 8.
975 1659 1005 1715 p·
1022 1641 1086 1714 394.
1104 1638 1141 1697 N.
1153 1636 1224 1711 466.
1283 1709 1286 1718 Ι

380 1809 458 1881 108.
479 1853 524 1868 -
542 1808 678 1881 Litium
697 1808 902 1880 Gramatice
921 1806 1086 1904 Magistri
1110 1806 1304 1898 Wilhelmi
1328 1808 1445 1878 Weert
1459 1831 1538 1878 non
1560 1804 1680 1878 modo
1696 1803 1883 1905 discipulis

277 1924 354 1997 imo
372 1925 574 2024 magistris,
596 1924 711 1997 etiam
727 1923 926 2032 praefectis
947 1922 1193 1997 necessarium
1213 1948 1301 1996 cum
1322 1922 1431 1996 icone
1454 1923 1617 2022 Magistri
1647 1921 1817 1996 docentis
1841 1921 1882 1995 in

277 2041 413 2114 fronte.
430 2086 474 2098 -
493 2041 645 2144 wll-44·
664 2041 727 2114 lin.
745 2049 803 2129 24.
824 2041 967 2113 Lilium
992 2039 1249 2114 Grammatice
1271 2040 1355 2112 finit
1378 2038 1548 2113 feliciter.
1568 2039 1787 2140 impressum
1815 2041 1881 2111 Co-

275 2160 400 2230 loniae
416 2184 485 2256 per
500 2158 697 2230 Martinam
713 2159 758 2229 de
784 2160 960 2230 Werdena
976 2182 1098 2257 prope
1119 2156 1277 2230 domum
1296 2155 1526 2229 consulatus:
1547 2157 1587 2229 in
1603 2157 1688 2230 vico
1700 2156 1880 2255 Burgenfi

279 2274 356 2373 (vel
377 2273 444 2346 der
471 2273 734 2371 Burgerstras)
761 2289 1081 2360 commorantem,
1109 2275 1149 2346 in
1171 2273 1300 2371 vigilia
1318 2272 1515 2367 Laurentii
1542 2272 1733 2373 Martyris.
1769 2273 1879 2348 Char.

278 2391 383 2488 goth.
395 2389 550 2463 minusc.
571 2389 647 2462 foll.
665 2395 717 2478 14.
736 2416 814 2463 non
835 2389 919 2489 fign.
936 2391 999 2464 lin.
1017 2392 1086 2466 ult.
1102 2391 1164 2464 fol.
1183 2417 1241 2488 29.
1258 2397 1290 2479 4.
1309 2392 1587 2493 recollectione
1601 2391 1838 2465 Herbizrima.

469 2547 602 2602 uecenfio
619 2547 706 2602 huius
721 2547 854 2624 opusculi
871 2548 1033 2605 hususdum
1043 2548 1223 2605 desideratur.

378 2760 518 2833 109.-
540 2740 689 2810 Carmen
710 2737 971 2838 Lysitelzsogon
989 2740 1036 2813 de
1065 2714 1232 2840 poetices
1254 2739 1588 2814 commoditatibus
1614 2756 1748 2837 contra
1773 2740 1882 2814 lacri-

279 2853 384 2949 legos
402 2852 522 2928 divini
537 2854 706 2928 muneris
729 2848 867 2928 osores.
880 2898 928 2913 -
948 2857 1051 2929 Haec
1068 2857 1108 2929 in
1123 2857 1261 2931 fronte.
1288 2900 1331 2914 —
1356 2857 1513 2931 Litteris
1544 2858 1668 2930 forma
1689 2858 1880 2956 Xylogra-

280 2969 392 3067 phica
410 2970 658 3071 impressis-
678 2972 740 3046 fol.
762 2973 844 3071 eod.
867 2972 901 3045 b.
921 2974 1085 3047 Carmen
1105 2974 1258 3072 Georgii
1270 2975 1442 3047 Dottanii
1456 3017 1499 3029 »-
1516 2973 1579 3049 fol.
1599 2975 1632 3048 6.
1651 2974 1715 3047 lin.
1738 2976 1790 3047 13.
1812 2975 1881 3047 im-

279 3086 443 3183 pressum
463 3089 593 3187 Lrptzlr
616 3116 686 3189 per
704 3089 875 3162 Iacobum
902 3090 1048 3163 Tanner
1059 3093 1173 3164 Anno
1199 3091 1385 3183 Mileslmo
1408 3091 1706 3190 quingentesimo
1732 3107 1879 3167 octavo.
2000 3148 2001 3152 =

281 3204 428 3297 Quarta
443 3205 503 3277 dic
518 3206 653 3279 Menfis
666 3206 873 3279 Februarii.
894 3208 1006 3281 Char.
1025 3209 1127 3306 goth.
1146 3207 1279 3304 glossae
1299 3233 1415 3306 marg.
1435 3208 1603 3283 Litterae
1615 3207 1742 3307 spatiis
1762 3209 1879 3284 inter·

275 3318 395 3414 jectis.
415 3320 491 3394 foll.
510 3348 590 3395 non
608 3321 693 3419 fign.
711 3324 743 3394 6.
762 3321 898 3408 lineo.
917 3329 950 3411 4.

472 3460 540 3514 Non
557 3459 649 3515 solum
667 3480 781 3516 carmen
796 3463 988 3535 incognitum,
1006 3461 1053 3516 sed
1071 3463 1157 3518 etiam
1173 3463 1234 3538 ipsa
1251 3462 1340 3519 editio
1357 3463 1498 3520 rarissima
1508 3464 1553 3521 stt.
1575 3469 1653 3520 inter
1669 3467 1754 3540 ipsius
1765 3465 1878 3540 scripta,

567 3570 641 3625 quas
658 3555 689 3607 in
705 3553 817 3608 Lexico
836 3553 1016 3609 eruditorum
1036 3555 1167 3611 Joeclseri
1191 3555 1263 3610 T.2.
1287 3576 1315 3630 p.
1326 3573 1388 3612 202.
1405 3557 1455 3612 sub
1474 3559 1591 3613 nomine
1617 3560 1737 3632 Georgii
1752 3559 1880 3624 Doctani

565 3643 757 3713 exhibentur,
777 3666 890 3701 carmen
908 3646 965 3703 hoo
984 3665 1043 3702 non
1059 3646 1212 3702 indicatur.

379 3861 456 3908 110.
472 3875 522 3890 -
544 3835 767 3909 Breviarium
791 3836 997 3912 secundum
1021 3837 1182 3911 chorum
1211 3828 1436 3927 Patavienfts
1463 3840 1634 3912 ecclesiae
1664 3863 1788 3935 nuper
1811 3837 1882 3910 im-

275 3951 439 4052 pressum
454 3979 542 4026 cum
559 3955 862 4053 quottuplicibus
882 3955 922 4027 in
938 3953 1109 4052 margine
1124 3955 1381 4040 Psalmorum,
1398 3957 1663 4054 Hymnorum,
1689 3954 1881 4054 Antipho-

277 4095 416 4141 narum
435 4086 472 4142 et
496 4070 836 4170 Responsoriorun't
865 4099 908 4145 ac
932 4071 1047 4145 etiam
1065 4071 1321 4169 capitulorum
1347 4071 1651 4146 unisonarum
1676 4096 1753 4168 quo
1783 4071 1881 4145 libro

281 4185 425 4257 Bibliae
445 4213 490 4259 ex
514 4205 649 4287 quarto
676 4189 841 4288 capitulo
867 4189 1043 4262 facillime
1067 4188 1309 4262 inveniantur
1335 4184 1624 4291 quampluribus
1659 4188 1789 4286 liguris
1820 4190 1883 4264 de-

284 4318 468 4376 coratum.
483 4345 531 4359 -
555 4303 659 4377 Haec
678 4297 806 4380 omnia
824 4305 863 4380 in
885 4306 1010 4381 fronte
1032 4306 1171 4379 Limbo
1188 4321 1339 4392 ornata,
1356 4320 1396 4379 et
1410 4302 1680 4405 subscriptione
1698 4308 1887 4381 Leonardi
1986 4366 1993 4375 .

282 4419 470 4516 Allantsee
492 4419 728 4519 bibliopolae
743 4424 985 4529 ViennenQ
1005 4425 1163 4524 eiusque
1183 4422 1312 4522 infigni
1330 4409 1608 4523 typographico
1625 4455 1633 4498 ι
1649 4468 1698 4484 -
1716 4425 1778 4499 fol.
1801 4427 1881 4523 708.

284 4536 346 4609 lin.
369 4564 395 4609 ι.
417 4537 657 4611 Breviarium
680 4539 883 4616 secundum
905 4543 1067 4616 chorum
1085 4541 1310 4616 pataviensis
1331 4542 1503 4616 ecclefiae
1521 4558 1590 4616 etc.
1610 4588 1657 4603 —
1679 4542 1776 4617 mira
1801 4560 1882 4617 arte

285 4654 481 4754 pugilique
502 4682 593 4730 cura
611 4654 755 4730 solertis
765 4658 837 4731 viri
856 4651 1206 4758 PetriLichtenstein
1224 4660 1392 4760 impensa
1409 4686 1503 4735 vero
1514 4659 1882 4753 LeonardiAllanste

281 4769 521 4874 Bibliopolae
534 4773 756 4849 Viennenfis
770 4777 983 4855 absolutum
1000 4784 1048 4856 est
1063 4781 1220 4856 Venen'is
1230 4771 1352 4854 ¹Anno
1363 4777 1564 4876 salutigero
1575 4776 1758 4850 Milefimo
1771 4774 1882 4876 quin·
