4320 5700
301 605 350 694 54
710 620 953 683 ,carnotus
979 623 1356 686 auuoenrrmcua
1381 625 1492 687 unx.

298 802 419 874 Anno
440 799 568 876 salutis
588 806 733 879 nostrae
756 805 1018 883 MCCCCCX.
1047 811 1090 881 ln
1108 806 1258 907 virgilie
1279 806 1394 882 sancti
1416 806 1583 887 Mothrim
1606 809 1764 909 apostoli
1795 811 1919 888 sortiti

302 921 386 995 sunt
400 920 550 996 felicem
567 922 693 998 finem.
713 925 824 1000 Char.
841 926 944 1025 goth.
964 926 1041 1000 soll.
1060 953 1139 999 non
1156 926 1242 1026 fign.
1260 925 1323 1004 lin.
1341 954 1399 1025 27.
1416 933 1450 1019 4.

492 1061 595 1120 Editio
609 1066 736 1122 Pramo
754 1064 877 1141 aliisquo
893 1065 1056 1123 hucusdum
1071 1067 1231 1143 incognita.

1005 1258 1204 1330 MDXl.

397 1418 474 1490 155.
492 1458 542 1474 -
560 1414 702 1489 Blandi
713 1416 835 1488 Horti
835 1414 1064 1514 forliviensis
1085 1417 1129 1490 de
1148 1417 1266 1489 Roma
1281 1414 1543 1516 triumphante
1561 1414 1649 1490 libri
1669 1415 1807 1492 decem
1828 1415 1912 1492 dili·

297 1533 505 1632 gentislime
530 1534 689 1634 castigati
713 1551 752 1609 et
767 1534 832 1608 suo
849 1534 966 1609 nitori
981 1536 1160 1623 restituti,
1179 1553 1224 1609 ut
1238 1537 1278 1607 in
1294 1534 1339 1608 iis
1362 1536 1566 1636 plusquam
1584 1535 1662 1609 duo
1679 1535 1785 1610 mille
1805 1563 1910 1610 erro-

227 1696 246 1712 ·
297 1678 359 1726 res
377 1652 641 1751 corrigantur:
669 1653 796 1726 Habes
813 1653 927 1726 etiam
944 1652 1062 1749 totius
1079 1654 1206 1753 operis
1226 1654 1390 1739 tabulas,
1411 1655 1450 1726 in
1470 1653 1609 1753 quihus
1626 1653 1760 1727 omnia
1780 1654 1910 1753 cogni·

297 1785 336 1843 ta
354 1770 555 1844 necessaria
578 1769 677 1842 miro
696 1768 830 1843 ordine
855 1771 990 1844 collata
1013 1768 1403 1868 comprehenduntur.
1429 1811 1478 1831 κ-
1504 1768 1609 1843 Haec
1635 1768 1676 1841 in
1699 1768 1842 1846 fronte.
1859 1813 1908 1831 -

290 1886 493 1987 praemissa
518 1887 645 1962 tabula
676 1886 831 1961 Blandis
846 1885 966 1979 flavii
984 1883 1138 1989 epistola
1167 1888 1214 1962 ad
1241 1887 1346 1959 Pium
1368 1884 1574 1961 secundum
1600 1885 1842 1965 Pontificem.
1861 1931 1907 1947 -

295 2004 359 2078 fol.
385 2034 413 2080 1.
431 2006 515 2106 stgn.
532 2033 628 2106 opus
648 2004 779 2107 ipsum.
802 2049 851 2063 -
871 2006 933 2080 sol.
957 2005 1034 2078 123.
1058 2004 1121 2079 lin.
1147 2007 1199 2078 18.
1225 2007 1381 2077 Venerist
1406 2035 1427 2079 a
1451 2004 1621 2105 sz'lrppo
1640 2003 1773 2080 Pz'ncio
1795 2010 1901 2081 Man-

293 2139 405 2234 tuano
421 2153 520 2199 anno
537 2125 697 2200 Domini
715 2122 902 2198 M.D.X1.
924 2123 1077 2197 dieVll.
1091 2122 1182 2222 May
1199 2123 1342 2222 inclyto
1357 2121 1527 2196 Domino
1545 2122 1902 2201 LauredanoVene-

292 2242 433 2318 tiarum
450 2245 568 2319 Duce.
593 2245 801 2343 registrum.
820 2243 931 2317 Char.
949 2244 1010 2317 lat.
1037 2242 1165 2342 grand.
1193 2258 1231 2316 et
1259 2241 1398 2343 splend.
1426 2242 1495 2317 litt.
1526 2241 1604 2317 init.
1634 2239 1737 2317 incis.
1770 2240 1903 2343 glossae

291 2387 408 2462 marg.
425 2364 502 2436 foll.
526 2362 604 2435 123.
625 2363 710 2462 fign.
735 2362 774 2435 in
790 2377 870 2435 toto
886 2388 963 2460 129.
987 2361 1010 2434 f.

481 2501 610 2556 Panzeri
627 2499 731 2554 Annal.
753 2501 885 2576 Typogr.
907 2502 942 2557 T.
961 2496 988 2555 8.
1006 2519 1035 2575 p.
1043 2509 1106 2576 404.
1128 2498 1167 2555 N.
1178 2499 1240 2574 547.

386 2694 464 2768 156.
483 2736 532 2749 -
547 2680 1265 2793 Aegtssppiffstorzbgraphz’fideliffimi
1284 2704 1321 2765 et
1344 2688 1579 2765 dissertissimi
1601 2704 1640 2766 et
1662 2689 1766 2764 inter
1789 2688 1901 2764 Chri·

283 2811 417 2888 stianos
438 2811 680 2913 antiquissimi
699 2810 862 2885 Historia
877 2854 924 2868 -
941 2810 987 2884 de
1003 2808 1103 2883 bello
1124 2808 1284 2884 Judaico
1304 2852 1353 2866 —
1376 2809 1514 2910 sceptri
1532 2806 1744 2883 sublatione
1764 2851 1812 2867 -
1833 2810 1899 2884 Ju-

283 2933 467 3007 daeorum
486 2924 711 3032 dispersione
731 2972 775 2987 -
794 2944 832 3002 et
847 2926 1193 3026 Hierosolymitano
1215 2927 1362 3002 excidio
1391 2957 1412 3003 a
1432 2927 1522 3001 divo
1544 2924 1733 3023 Ambrosio
1750 2927 1897 3002 medio·

282 3051 419 3124 lanensl
437 3049 595 3124 antistite
619 3077 639 3122 e
671 3073 805 3147 graeca
826 3045 941 3119 latina
959 3044 1066 3120 sacta.
1086 3071 1174 3118 cum
1199 3045 1369 3119 eiusdem
1388 3041 1662 3146 Anacephalosi
1686 3058 1725 3118 et
1748 3044 1895 3120 tabellis

281 3167 619 3264 congruentiarum
635 3190 723 3240 cum
736 3162 882 3266 Iosephz’
897 3161 1004 3268 libris
1026 3162 1139 3237 etiam
1158 3162 1207 3238 de
1223 3164 1700 3262 gestisMachaebeorum—
1716 3163 1897 3262 premisso

283 3285 359 3359 iam
377 3282 548 3383 primum
569 3282 690 3357 indice
712 3283 946 3384 alphabetico
962 3281 1056 3358 serie
1072 3282 1118 3356 ab
1139 3280 1309 3381 Ascenfih
1324 3282 1483 3357 collecto
1511 3281 1637 3381 infign.
1662 3278 1830 3357 Ascenlii
1848 3294 1912 3340 -'
2034 3313 2038 3321 ·

279 3405 386 3477 Haec
406 3401 445 3473 in
463 3400 655 3473 fronte-
676 3401 813 3474 f01.82.
838 3429 916 3474 non
931 3402 1017 3500 fign.
1035 3402 1098 3473 lin.
1120 3401 1176 3473 23.
1202 3400 1402 3500 Parrhasi&
1418 3445 1469 3460 -
1484 3399 1612 3475 rursus
1636 3425 1737 3473 anno
1765 3396 1893 3474 salutis

281 3521 471 3594 humanae
498 3517 702 3620 undecimo
728 3517 840 3617 supra
864 3517 916 3591 M.
941 3518 989 3592 D.
1014 3519 1059 3592 ad
1087 3518 1245 3591 tertium
1267 3518 1456 3594 Kalendae
1480 3517 1663 3594 Januarii.
1695 3517 1810 3594 Char.
1830 3519 1892 3593 lat.

277 3638 406 3742 grand.
430 3654 468 3713 et
486 3635 628 3737 splend.
650 3633 782 3734 glossae
801 3662 916 3735 marg.
936 3637 1013 3710 soll.
1036 3634 1121 3735 fign.
1141 3664 1196 3733 77.
1215 3635 1254 3710 in
1276 3653 1359 3712 toto
1377 3638 1436 3712 82.
1458 3637 1522 3713 lin.
1539 3639 1597 3727 46.
1618 3634 1638 3708 f

468 3777 599 3834 Panaeti
618 3775 723 3830 Aunal.
743 3778 874 3850 Typogr.
894 3778 929 3833 T.
939 3798 966 3851 7.
986 3778 1088 3851 p.551.
1111 3776 1150 3832 N.
1162 3779 1227 3854 439.

375 3954 453 4050 ¹57·
472 3992 522 4007 -
541 3947 681 4046 Poggii
695 3945 887 4020 florentini
911 3946 1074 4020 oratoris
1093 3946 1373 4046 praeclarissimi
1392 3973 1434 4020 ac
1451 3945 1640 4021 secretarii
1665 3948 1817 4045 apostol.
1836 3988 1891 4024 -.-·

160 4143 161 4146 ,
273 4070 478 4145 Orationes
499 4066 720 4143 invectivae.
734 4065 938 4169 Epistolae‚
958 4063 1226 4165 descriptiones
1246 4066 1431 4165 quaedam
1446 4081 1484 4138 et
1501 4064 1723 4138 facetiarum
1739 4063 1890 4140 liber-

272 4188 378 4262 Haec
394 4187 433 4260 in
449 4187 575 4261 sronte
588 4229 627 4243 -
643 4185 761 4259 limbo
781 4182 895 4257 inciso
916 4200 1116 4258 ornata.—
1133 4184 1169 4258 S.
1189 4185 1328 4258 Thom.
1341 4182 1490 4284 Epistol.
1512 4183 1559 4259 ad
1568 4178 1699 4282 Sebast.
1709 4172 1887 4256 Bram-

269 4303 482 4403 subscripta.
496 4304 733 4411 Argentorati
744 4304 854 4379 MD.
865 4301 933 4378 ΧΙ.
954 4302 1018 4376 fol.
1031 4302 1088 4376 82.
1107 4302 1169 4375 lin.
1182 4302 1239 4376 33.
1254 4301 1345 4377 'finis
1363 4302 1474 4378 Char.
1493 4303 1554 4377 lat.
1569 4301 1702 4403 glossae
1720 4298 1882 4402 margin.

268 4425 347 4502 foll.
369 4425 426 4499 82.
448 4446 598 4496 numer.
624 4419 687 4495 lin.
707 4398 801 4509 aas.

478 4563 568 4622 Juxta
590 4561 756 4615 Panzerum
780 4561 812 4614 in
844 4560 949 4618 Annas.
977 4562 1110 4637 Typogr.
1138 4561 1173 4616 T.
1191 4558 1217 4616 6.
1243 4581 1272 4636 p.
1289 4559 1333 4618 52.
1371 4533 1409 4618 N.
1427 4557 1493 4631 218,
1516 4563 1694 4639 Argentinaa
1719 4558 1878 4637 impressae.

557 4656 592 4709 A.
612 4655 656 4708 Μ.
667 4652 705 4709 Ι).
715 4653 767 4708 ΧΙ.
1395 4692 1397 4697 .

369 4833 445 4906 158.
464 4870 513 4890 -
536 4826 748 4901 Decretales
764 4822 911 4899 domini
928 4849 1027 4926 pape
1046 4823 1216 4924 Gregorii
1230 4823 1323 4899 noni
1349 4842 1521 4903 accurata
1541 4823 1737 4930 diligentia
1760 4821 1878 4901 tertio
