4320 5700
685 584 925 662 ciri‘ioous
951 597 1326 660 nisiiooniriiicus
1352 598 1477 656 unxi.
1834 584 1881 657 55

275 785 475 863 emendate
494 783 717 886 summoque
744 780 863 856 studio
886 781 1096 857 elaborate:
1114 784 1203 864 ‘curn
1225 779 1499 879 multiplicibus
1517 778 1654 853 tabulis
1684 794 1723 852 et
1750 803 1879 879 reper-

274 907 385 983 toriis
412 905 459 980 ad
494 902 670 980 materias
706 926 966 1002 quascumque
1000 899 1201 1002 diligenter
1229 899 1473 975 inveniendas
1504 895 1890 998 aptissimis-Haeo·

276 1026 317 1098 in
342 1026 469 1098 fronte
500 1049 587 1099 cuin
618 1020 820 1122 insignibus
846 1035 998 1121 typogr.
1029 1036 1068 1119 et
1095 1019 1337 1120 inscriptione
1375 1018 1595 1092 Thielinann
1621 1017 1769 1102 Karrea,
1793 1043 1878 1092 ver*

277 1144 394 1246 suque
411 1157 524 1217 noto:
1502 1243 1509 1252 ,¹

632 1259 770 1346 iudex,
788 1257 982 1332 Judicium
999 1257 1133 1342 clerus,
1153 1252 1342 1355 sponsalia,
1363 1254 1520 1329 crimen.
1584 1340 1586 1342 v

280 1378 343 1452 sol.
371 1377 518 1454 eodem.
551 1376 798 1452 decretalium
830 1374 1025 1475 copiosum
1052 1389 1393 1473 argumentum-
1415 1373 1585 1472 Gregorii
1600 1372 1701 1475 noni
1732 1373 1882 1446 romani
2000 1466 2003 1471 .

276 1496 457 1598 praesulis
467 1497 556 1584 vita,
571 1496 595 1569 11
613 1494 781 1570 Platinae
794 1492 971 1568 creditur.
981 1491 1103 1566 —sol
1117 1492 1197 1566 582.
1210 1492 1274 1566 lin.
1295 1493 1353 1566 23.
1373 1489 1591 1592 impressum
1601 1487 1756 1588 Pansh's
1770 1489 1885 1564 soler-

277 1614 308 1688 ti
326 1642 419 1690 cura
443 1615 683 1688 shialmanni
696 1613 830 1686 Karrea
853 1609 1083 1711 impressoria
1100 1638 1142 1685 ac
1165 1609 1309 1684 librarii
1334 1609 1464 1684 iurati
1483 1610 1601 1684 almae
1631 1608 1883 1683 universitatis

274 1730 502 1832 parisiensls3
523 1732 563 1807 in
582 1757 721 1832 magno
740 1730 826 1804 vico
846 1728 964 1805 divini
981 1726 1109 1805 iacobi
1120 1726 1167 1803 ad
1187 1728 1334 1828 lignum
1348 1727 1461 1802 cratis
1480 1728 1572 1801 ferri
1598 1728 1883 1801 commorantis.

277 1848 453 1950 impensis
480 1878 574 1926 vero
599 1848 771 1925 eiusdem
794 1874 837 1922 ac
858 1847 1103 1922 honestorum
1124 1847 1298 1921 virorum
1317 1846 1497 1921 Iohannis
1515 1845 1612 1918 Petit
1635 1861 1674 1919 et
1703 1844 1886 1920 Iohannis

283 1967 445 2046 Cabiller
469 1970 586 2042 Anno
609 1967 769 2041 Domini
796 1967 849 2040 M.
860 1965 1112 2039 eeccexi.
1146 1964 1274 2040 Idibus
1299 1964 1444 2065 Aprilis
1471 1963 1534 2037 sol.
1569 1963 1651 2038 cod.
1680 1964 1781 2072 insig.
1805 1964 1884 2064 Ty-

276 2112 384 2186 pogr
395 2085 528 2160 —soll.
557 2086 630 2186 seq.
652 2086 710 2158 25.
734 2111 813 2158 non
834 2110 938 2157 num.
964 2084 1112 2158 Tabula
1136 2083 1350 2184 Bolognini,
1377 2081 1618 2156 rubricarum
1642 2098 1681 2157 et
1702 2083 1885 2183 capitulo-

278 2229 376 2275 rum.
405 2203 515 2276 Char.
542 2203 645 2301 goth.
666 2202 800 2276 minut.
820 2197 995 2275 rubro!
941 2227 1075 2299 -.niger
1096 2200 1230 2301 glossae
1257 2201 1417 2302 Margin.
1450 2200 1475 2275 s.
1505 2203 1588 2291 482.
1611 2200 1697 2302 sign.
1716 2228 1774 2290 21.
1804 2227 1885 2276 non

280 2319 424 2419 signin
443 2324 626 2397 totosii.
642 2321 704 2396 lin.
724 2337 886 2395 coment.
900 2323 959 2410 64.
985 2328 1018 2411 4.

470 2482 600 2536 Panzeri
615 2480 722 2536 Annal.
741 2482 874 2555 Typogr.
897 2482 931 2536 T.
944 2502 971 2555 7.
991 2479 1096 2555 p556.
1117 2480 1155 2535 N.
1171 2478 1235 2554 476.

376 2690 512 2788 159.-
531 2690 709 2762 Navicala
722 2692 944 2790 penitentiae
965 2717 1035 2791 per
1054 2690 1200 2767 Excell:
1227 2690 1426 2765 doctorem
1449 2689 1630 2766 Joannem
1657 2690 1887 2793 Kaysersber·

272 2809 375 2907 giam
391 2806 706 2906 Argentinensem
723 2808 1045 2884 Concionatorem
1060 2807 1256 2908 predicata
1271 2839 1293 2884 a
1311 2809 1435 2884 Jacob.
1457 2811 1591 2884 Others
1602 2812 1768 2908 collecta.
1786 2811 1885 2888 Cum

278 2925 453 3001 navicula
480 2925 567 3025 lign.
587 2924 701 3000 incisa
718 2941 756 3000 et
781 2926 1025 3026 inscriptione
1045 2953 1133 3002 ecce
1158 2927 1388 3003 ascendimus
1415 2928 1886 3030 Ihiirosolymam.-Haec

277 3043 317 3116 in
332 3044 516 3119 fronte-
534 3044 625 3119 Litt.
648 3043 1049 3142 rubro-nigrisr-fol.
1068 3047 1126 3120 80.
1153 3046 1217 3121 lin.
1237 3055 1296 3146 47.
1320 3032 1532 3124 Sermones
1548 3046 1885 3149 quadragesimales

277 3161 553 3236 fructuosissimi
574 3162 750 3237 navicula
766 3163 1023 3262 poenitentiae
1047 3181 1117 3240 etc.
1133 3164 1232 3239 -in
1249 3162 1412 3263 Augusta
1435 3167 1696 3253 Vindelisomm
1723 3166 1885 3243 feliciter

275 3277 362 3353 sunt
396 3277 561 3377 impressi
595 3280 636 3353 in
657 3281 887 3355 hebdomate
919 3285 1017 3380 post'
1036 3282 1273 3357 nativitatem
1307 3282 1513 3358 beatissime
1548 3284 1711 3384 Virginis
1740 3287 1886 3366 Mariae

279 3396 385 3471 Anni
416 3396 587 3472 milesimi
622 3398 910 3500 quingentesimi
934 3399 1139 3476 undecimi.
1170 3400 1282 3476 Char.
1315 3403 1420 3502 goth.
1443 3401 1578 3478 minut.
1603 3403 1681 3478 foll.
1709 3403 1877 3505 [Igu-80.

278 3517 340 3593 lin.
368 3519 426 3616 59.
452 3517 477 3589 s.

428 3701 443 3716 κ
469 3678 598 3733 Panzeri
613 3676 718 3732 Annal.
737 3674 869 3754 Typogs.
890 3661 925 3732 Τ.
934 3675 962 3734 6.
981 3698 1011 3754 p.
1022 3679 1082 3752 ²³9·
1104 3679 1345 3755 1111211111.
1362 3695 1387 3737 2.
1406 3679 1488 3754 p.51.
1499 3680 1537 3737 N.
1552 3682 1578 3736 3.
1593 3681 1683 3738 editio
1700 3683 1836 3758 princeps
1856 3699 1884 3741 et

557 3768 715 3827 rarissima.

381 3985 458 4058 160.
467 4025 518 4042 ·-·
532 3984 567 4054 T
560 3999 666 4058 extas
683 3985 727 4058 de
746 3982 909 4085 Sphaara
922 3982 1103 4057 Iohannis
1119 3985 1165 4056 de
1180 3984 1289 4058 Sacro
1299 3985 1414 4083 Bosco
1433 4009 1522 4059 cum
1536 3983 1728 4059 additione
1749 3985 1885 4084 (quan-

282 4120 365 4177 tum
379 4102 625 4177 necessarium
639 4104 703 4200 est)
735 4101 899 4187 adiecta;
920 4129 1024 4177 novo
1045 4102 1321 4177 commentario
1343 4129 1467 4210 nuper
1486 4100 1588 4175 edito
1616 4099 1664 4192 ad
1683 4100 1887 4196 utilitatem

281 4220 508 4294 studentium
535 4219 795 4320 philosophiae
814 4220 1022 4322 parisiensis
1050 4201 1262 4327 academiae
1286 4204 1485 4296 illustratus
1501 4246 1590 4300 cum
1613 4215 1888 4322 compositione

281 4337 409 4412 annuli
428 4335 664 4412 astronomici
683 4337 774 4412 boni
794 4339 951 4427 latensis
968 4355 1006 4415 et
1026 4320 1236 4439 geometria
1252 4337 1418 4414 Euclidis
1440 4328 1858 4438 Migarensis-Haec
1847 4369 1887 4415 in

282 4457 408 4530 sronte
430 4454 549 4529 limbo
576 4471 718 4530 ornata
746 4457 809 4534 sol.
835 4458 918 4551 eod.
946 4460 980 4534 b.
1011 4458 1140 4545 iacobi
1153 4458 1268 4531 Fabri
1281 4455 1503 4561 stapulensis
1513 4460 1686 4563 Epistola
1704 4458 1751 4533 ad
1769 4459 1886 4533 Caro

284 4576 363 4649 lum
382 4576 517 4649 Boram
535 4571 822 4651 thelsaurarium
843 4579 1002 4684 regium.
1013 4578 1135 4652 -sol
1157 4605 1190 4652 2.
1210 4576 1325 4654 index
1343 4577 1487 4653 libri-
1503 4578 1565 4652 sol.
1587 4578 1620 4652 3.
1648 4563 1883 4651 introductio

284 4710 323 4770 et
340 4693 497 4770 additio.
506 4693 628 4769 -foi
646 4681 858 4774 31111111.
881 4697 1101 4799 impressum
1122 4694 1311 4797 Pansh's
1302 4725 1342 4774 in
1364 4698 1521 4776 officina
1536 4697 1694 4770 Hennes
1711 4693 1889 4793 Stephani
