4320 5700
278 584 327 697 oo
676 598 918 662 otramous
944 597 1320 660 ntotroonarrucus
1345 596 1500 693 unxru.

280 781 386 855 Haec
402 780 442 854 in
456 779 584 855 fronte
604 807 692 856 cum
712 781 830 855 limbo
860 779 974 855 inciso
1004 797 1138 856 ornata
1156 796 1195 855 et
1216 776 1473 878 inscriptione.
1501 775 1605 849 Haec
1619 775 1744 873 ¹tertia
1776 799 1883 849 recu·

281 898 401 999 gnitio
419 898 522 999 typis
533 896 700 974 absoluta
715 904 762 974 elt
773 899 813 974 in
826 899 981 973 officina
989 900 1145 973 Henrict'
1153 894 1515 1000 Stephom'impensts
1531 893 1702 995 ejusdem
1712 893 1759 968 de
1774 895 1885 968 Joan-

281 1020 342 1091 m's
361 1017 475 1090 Parvi
485 1016 524 1090 in
539 1034 620 1093 arte
637 1018 833 1094 excusoria
851 1002 1042 1092 sociorum
1053 1060 1099 1075 -
1113 1018 1219 1092 Haec
1237 1017 1275 1089 in
1294 1017 1475 1091 fronte-
1497 1014 1561 1088 sol.
1578 1013 1656 1088 136.
1671 1012 1735 1086 lin.
1753 1013 1812 1087 31.
1827 1039 1884 1086 ar·

282 1134 444 1210 tificialis
460 1135 694 1211 introductio
711 1137 795 1211 finit
814 1138 916 1210 1510.
926 1180 977 1195 -
992 1137 1216 1236 Sequuntur
1232 1133 1437 1232 Aristotelis
1455 1132 1590 1208 Ethica
1602 1134 1648 1188 -'-
1664 1131 1806 1206 finiunt
1823 1130 1883 1205 sol.

282 1254 341 1329 36.
354 1255 416 1328 lin.
426 1262 485 1354 49.
497 1300 542 1315 -
554 1255 641 1328 dein
651 1254 878 1328 Ethicorum
886 1256 1040 1355 antiqua
1053 1253 1241 1328 traductio
1259 1254 1351 1327 sinit.
1363 1250 1493 1327 fotos.
1509 1251 1544 1326 b.
1559 1250 1623 1325 lin.
1645 1276 1761 1350 ¹9··-
1783 1252 1883 1323 1510.

284 1399 338 1448 10.
356 1374 489 1448 meufis
505 1372 742 1447 Decembris.
771 1373 882 1448 Char.
901 1372 1004 1473 goth.
1021 1373 1150 1473 grand.
1170 1389 1210 1448 et
1224 1371 1377 1448 minusc.
1397 1370 1474 1447 soll.
1494 1369 1634 1470 fignata
1653 1385 1692 1444 et
1702 1394 1784 1444 non
1800 1368 1884 1469 sign.

281 1491 364 1566 223.
382 1491 444 1565 lin.
467 1492 524 1565 52.
551 1491 575 1563 f.

472 1631 602 1707 Pqnzeri
622 1629 726 1684 Annal.
745 1632 877 1706 Typogr.
896 1632 968 1706 T.7.
988 1650 1017 1707 p.
1028 1631 1090 1705 547.
1111 1631 1150 1685 N.
1160 1642 1225 1705 401.
1243 1630 1346 1691 Moses.
1368 1630 1404 1687 T.
1423 1646 1450 1686 a.
1468 1646 1499 1705 p.
1516 1644 1582 1704 ²⁰9·
1600 1640 1724 1700 uterque
1741 1624 1800 1682 hoo
1817 1643 1886 1701 opus

554 1722 590 1779 ad
610 1743 717 1778 annum
736 1726 814 1780 1510.
824 1725 938 1793 rotulit3
957 1741 988 1779 at
1006 1744 1071 1780 oum
1088 1723 1158 1778 haec
1176 1721 1374 1789 introductio,
1393 1740 1467 1797 quae
1480 1740 1549 1777 cura
1564 1719 1642 1776 beati
1650 1719 1791 1775 Rhenonr‘
1800 1718 1885 1773 etiam

567 1817 694 1889 Porifir's
711 1817 843 1891 prodiit,
868 1816 939 1871 huic
962 1816 1061 1873 addita
1078 1816 1187 1885 suerit,
1213 1814 1248 1871 id
1265 1814 1304 1871 ob
1322 1816 1534 1872 connexionem
1557 1812 1755 1888 subsequentis
1771 1812 1885 1867 numeri

567 1909 637 1965 huic
657 1929 733 1966 anno
752 1910 844 1967 sludio
860 1911 980 1974 inserui.

377 2098 753 2199 233.-Artzfi'cr'alis
771 2101 983 2175 introductio
1001 2126 1071 2200 per
1097 2097 1257 2171 modum
1282 2095 1509 2198 Epitomatis
1535 2094 1578 2170 in
1605 2094 1741 2170 decem
1770 2091 1886 2166 libros

279 2217 505 2295 Ethicorum
525 2219 730 2318 Aristotelis
748 2219 900 2317 adjectis
921 2218 1107 2292 elucidata
1127 2215 1429 2290 commentariis:
1447 2213 1515 2315 qui
1530 2215 1611 2314 post
1625 2210 1793 2311 primam
1811 2208 1886 2284 edi·

276 2338 425 2413 tionem
441 2338 634 2411 nonnullis
653 2336 806 2411 additis:
823 2335 1069 2411 accessionem
1087 2350 1425 2433 crementumque,
1442 2332 1513 2405 hac
1536 2330 1577 2403 in
1592 2327 1757 2405 secunda
1780 2354 1885 2404 reco-

276 2456 398 2556 gnitio
413 2483 462 2530 ne
479 2469 674 2556 ceperunt.
690 2496 731 2511 -
749 2454 855 2531 Haec
873 2454 911 2527 in
928 2452 1055 2527 fronte
1073 2477 1162 2524 cum
1176 2478 1209 2527 2.
1229 2449 1391 2525 distichis
1411 2492 1457 2507 -
1479 2450 1592 2523 B'coti
1615 2446 1798 2520 Rhenaui
1822 2446 1884 2520 sol.

275 2576 333 2664 45.
352 2574 414 2648 lin.
431 2576 487 2649 55.
509 2568 683 2674 praesens
703 2570 937 2645 introductio
957 2570 1112 2645 moralis
1131 2568 1306 2667 adjuncto
1326 2566 1502 2642 familiari
1522 2562 1802 2644 commentario
1816 2579 1884 2639 etc.

275 2687 444 2761 absoluta
462 2689 509 2759 et
525 2684 565 2757 in
585 2685 683 2759 alma
698 2687 976 2762 Parrhislorum
998 2686 1190 2762 academia
1216 2711 1287 2786 per
1316 2686 1509 2760 Poncetum
1534 2686 1571 2758 Ie
1602 2683 1730 2761 Preult
1751 2681 1791 2756 in
1811 2680 1903 2755 sor·-·

274 2805 436 2878 mularia
454 2803 669 2877 litterarum
694 2821 775 2879 arte
802 2807 981 2906 opificem
1007 2807 1130 2899 Anno
1147 2804 1194 2880 ah
1223 2803 1495 2879 incarnationis
1518 2802 1664 2876 domini
1693 2801 1885 2877 virtutum

279 2925 379 3010 1514.
399 2924 457 2995 26.
480 2923 572 3022 May
593 2938 662 2995 etc.
683 2923 793 2997 Char.
812 2923 915 3021 goth.
936 2923 1071 2996 minut.
1090 2924 1225 3023 glossae
1242 2948 1361 3023 marg.
1379 2921 1458 2997 foll.
1480 2922 1538 3012 45.
1558 2918 1645 3021 slgn.
1661 2919 1726 2995 lin.
1753 2922 1812 3019 57.
1837 2918 1862 2993 s.

467 3062 549 3138 Opus
564 3061 726 3119 hucusdum
744 3080 804 3117 non
823 3062 1000 3130 reqeusitum.

368 3248 452 3335 234.
468 3293 509 3306 -
525 3252 713 3349 Expositis
729 3251 903 3351 Magistn'
913 3251 1016 3325 Petri
1045 3251 1208 3325 Tataretz'
1220 3250 1261 3325 in
1285 3249 1503 3325 Summulas
1522 3248 1625 3323 Petri
1636 3244 1799 3351 Hrsparu
1806 3274 1882 3325 una

273 3391 360 3441 cum
385 3364 548 3464 passibus
582 3369 681 3438 Scoti
718 3370 973 3469 undequaque
1004 3370 1042 3443 in
1072 3369 1306 3468 marginibus
1336 3368 1488 3469 sparsls:
1527 3366 1731 3441 maturiori
1763 3392 1880 3469 quam

272 3481 467 3582 hucusque
485 3481 679 3581 diligentia
696 3481 939 3583 summosque
957 3487 1075 3559 studio
1093 3488 1305 3585 recognita:
1327 3515 1348 3561 a
1366 3486 1541 3586 pluribus
1558 3484 1727 3573 mendis,
1747 3511 1824 3587 que
1842 3485 1881 3559 in

275 3600 471 3703 prioribus
487 3600 676 3673 habentur
692 3599 798 3673 libris
818 3601 1030 3675 emendata.
1044 3590 1265 3704 summaque
1280 3604 1521 3678 accuratione
1538 3602 1712 3700 Basileus
1728 3600 1886 3703 impres·

271 3720 318 3795 sa.
335 3763 373 3775 -
387 3718 550 3792 Additus
561 3722 608 3792 est
619 3734 790 3791 tractatus
798 3714 1040 3815 insolubilium
1056 3721 1225 3799 eiusdem
1236 3737 1274 3797 et
1288 3720 1607 3820 obligatoriorum
1614 3719 1778 3821 magistri
1786 3720 1886 3796 Mat·

272 3841 348 3915 tz'ni
363 3836 557 3935 Molenselt
573 3862 620 3909 ex
639 3834 816 3912 Livoniass
837 3837 979 3938 lnfigne
999 3840 1171 3942 Typogr.
1189 3881 1236 3897 —
1252 3841 1356 3914 Haec
1382 3838 1422 3912 in
1438 3838 1566 3914 sronte
1582 3881 1628 3898 -
1642 3838 1721 3931 sol.
1735 3864 1770 3912 2.
1790 3837 1884 3912 inci-

269 3959 383 4060 piunt
401 3958 598 4031 sormulae.
611 3995 655 4015 -
674 3954 738 4029 fol.
759 3982 816 4053 9¹·
835 3958 992 4031 ezusdem
1010 3960 1244 4035 Comentarii
1262 3959 1300 4031 in
1310 3956 1698 4059 IsagogasPorphyni'
1709 3973 1747 4032 et
1761 3956 1884 4031 libros

270 4076 485 4175 logicorum
500 4074 706 4173 Aristotelis
730 4073 999 4150 accuratissime
1022 4077 1218 4178 recogniti.
1232 4120 1282 4135 —
1309 4077 1524 4151 Annotatio
1542 4077 1582 4150 in
1601 4073 1838 4175 marginibus
1856 4072 1882 4150 si

270 4192 424 4291 quando
443 4193 600 4280 author,
618 4210 662 4268 ut
677 4194 906 4295 plerumque
922 4191 1033 4283 solet,
1050 4197 1090 4270 in
1111 4196 1209 4271 hisce
1239 4195 1524 4271 commentariis
1553 4222 1600 4270 ex
1619 4194 1738 4269 Scoto
1768 4192 1882 4296 quip-

270 4308 375 4409 piam
399 4308 653 4407 desumpserit.
674 4311 751 4386 soll.
774 4313 852 4386 106.
873 4357 919 4373 -
935 4313 1107 4387 Ezitsdem
1127 4315 1405 4390 Commentarii
1419 4316 1458 4389 in
1478 4314 1597 4391 libros
1613 4310 1884 4413 Philosophiae

270 4425 452 4501 naturalis
465 4442 502 4499 et
521 4429 783 4526 metaphistcae
796 4430 1000 4528 Aristotelis
1012 4433 1240 4506 -Ezitsdem
1253 4432 1293 4507 in
1304 4432 1513 4537 Aristotelis
1523 4431 1587 4509 sex
1598 4431 1744 4508 ethicos
1762 4430 1882 4505 libros

271 4544 517 4648 quaestiones.
545 4545 755 4620 Annotatio
772 4549 811 4620 in
829 4550 1062 4647 marginibus
1081 4551 1106 4625 st
1126 4551 1278 4653 quando
1304 4553 1451 4641 author,
1475 4569 1519 4627 ut
1535 4544 1766 4653 plerumque
1785 4546 1881 4623 solet

269 4666 310 4743 ln
327 4662 427 4739 hisce
446 4663 731 4737 commentariis
751 4691 798 4737 ex
814 4663 918 4740 scoto
944 4668 1143 4767 quippiam
1165 4669 1419 4770 desumpserit.
1438 4671 1515 4747 soll.
1540 4672 1617 4747 123.
1639 4668 1815 4745 Eiusdem
1833 4664 1878 4739 li·

270 4783 330 4857 bri
348 4787 415 4862 Vl.
435 4782 663 4861 Ethicorum
678 4781 741 4859 sol.
759 4785 816 4861 26.
837 4783 901 4859 lin.
914 4786 971 4861 26.
984 4786 1217 4887 quaestiones
1230 4789 1333 4867 Petri
1353 4791 1515 4865 Tutoreti
1527 4790 1569 4867 in
1582 4787 1647 4867 sex
1661 4788 1780 4864 libros
1793 4782 1882 4861 Λή-
