4320 5700
284 581 333 653 38
683 597 923 656 carsrocus
949 595 1322 654 arsaroomrnrcus
1348 596 1502 655 novur.

290 772 688 871 Pln'lomnsicarmina
717 771 828 851 Char.
846 778 949 875 goth.
972 777 1100 875 grand.
1122 792 1161 850 et
1179 775 1332 850 minusc.
1355 775 1489 874 glossae
1510 800 1627 874 marg.
1652 776 1802 875 figurae
1817 808 1903 880 per·

291 893 433 967 multae
452 892 529 967 soll.
548 894 630 991 317.
649 921 729 968 non
743 921 890 969 numer.
912 895 975 968 lin.
1007 894 1132 967 ultimi
1149 894 1229 967 solii
1246 901 1302 984 4ο.
1325 900 1359 983 4.

469 1029 586 1090 'Editio
601 1035 747 1090 nements
773 1035 904 1089 omnium
921 1034 1081 1100 rarislima,
1108 1052 1194 1106 quam
1219 1033 1427 1100 Moittairins,
1447 1034 1598 1089 Panzerus
1625 1049 1653 1088 et
1675 1034 1739 1110 ipse
1765 1037 1896 1092 Bonam

610 1146 670 1181 non
687 1127 907 1192 recensuerunt,
925 1129 1060 1200 quamvis
1074 1125 1124 1180 hic
1141 1144 1238 1180 ornnes
1250 1125 1389 1180 editiones
1405 1126 1592 1199 Argentorati
1611 1125 1893 1185 taetasindieaveria

391 1296 468 1369 105.
482 1337 527 1352 -
546 1296 760 1369 Alexandri
780 1296 898 1393 Hegii
917 1294 1056 1367 artium
1086 1293 1246 1392 magistri
1272 1293 1586 1392 Gymnafiarchae
1612 1295 1893 1369 Daventriensls

287 1410 503 1511 Philosophi
524 1412 737 1512 presbyteri
756 1412 956 1510 utriusque
972 1411 1121 1509 linguae
1133 1411 1312 1484 Doctoris
1324 1411 1474 1508 Dialogi
1489 1414 1564 1486 duo
1577 1412 1623 1486 de
1640 1410 1891 1486 sacrosanctae

216 1588 222 1597 .
288 1528 561 1604 incarnationis
577 1530 757 1628 Mysterio
778 1529 952 1624 adjuncta
968 1527 1127 1602 Paschae
1146 1528 1361 1602 inveniendi
1382 1531 1549 1615 ratione,
1570 1528 1888 1630 quibuscontine-

289 1664 354 1722 tur
371 1646 469 1720 ratio
481 1645 598 1719 totius
612 1646 781 1746 computi
796 1646 925 1719 -Ars
937 1643 1549 1745 supputatoriastveAlgorithmus
1562 1645 1888 1744 linealisprojecti-

257 1858 260 1863 Ι
290 1763 385 1837 lium
407 1762 451 1836 de
472 1762 627 1860 integris
648 1789 823 1837 unacum
836 1762 1080 1859 Algorithmo
1102 1763 1148 1836 de
1169 1758 1527 1861 probis‘novenariis
1550 1764 1765 1835 Theoderici
1774 1763 1891 1863 Tany-

135 1940 147 1955 .
253 1872 355 1952 'uel
375 1879 651 1978 Mongaviensls
680 1896 805 1954 etc-
824 1881 1025 1953 Tractatus
1047 1879 1093 1954 de
1111 1906 1274 1953 numero
1301 1880 1347 1954 ad
1368 1881 1484 1953 aliurn
1505 1881 1645 1964 relato,
1664 1878 1738 1953 live
1757 1905 1890 1953 nume·
1955 1911 1961 1921 ¹

288 2021 424 2069 rorum
449 1996 766 2097 proportionibus
795 2026 816 2070 a
832 1996 1004 2071 Johonne
1019 1999 1063 2069 de
1078 2000 1245 2070 Saxonr'a
1265 1997 1304 2069 in
1323 1997 1528 2071 Academia
1547 1995 1737 2070 Parillenfl
1767 1996 1889 2070 editus

287 2128 413 2207 etc-
425 2142 512 2189 cum
532 2115 762 2215 epigramate
780 2113 914 2187 Johan.
933 2114 1120 2187 Murmelii
1133 2115 1460 2188 Buremundenfis.
1482 2162 1521 2174 -
1540 2112 1693 2190 Haecin
1704 2112 1833 2186 fronte
1845 2155 1889 2170 -

289 2232 351 2306 fol.
374 2233 510 2306 eodem
526 2232 561 2305 b.
583 2275 632 2291 -
653 2231 840 2330 incipiunt
857 2232 994 2328 dialogi
1015 2273 1060 2286 -
1077 2232 1139 2304 sol.
1168 2231 1298 2304 16.1in.
1326 2235 1377 2304 18.
1398 2258 1495 2330 opus
1515 2232 1590 2305 hoc
1611 2228 1889 2328 diligentissima

286 2349 524 2422 correctione
539 2346 703 2421 revisum
718 2348 758 2420 in
776 2349 929 2422 officina
939 2349 1183 2421 honestorum
1204 2349 1436 2423 Liberorum
1456 2347 1609 2450 Quentel
1621 2349 1704 2420 finit
1718 2347 1892 2422 feliciter.

285 2465 401 2538 Anno
420 2464 580 2538 Domini
602 2465 787 2538 Milefimo
805 2465 1073 2538 CCCCCVlll.
1092 2465 1216 2563 prima
1231 2466 1387 2540 Kalend.
1400 2464 1640 2540 Novembris
1659 2464 1891 2564 Chae-goth.

284 2580 460 2656 minutils.
478 2580 567 2659 folia
587 2608 665 2655 non
685 2582 769 2680 srgn.
795 2583 846 2655 16.
869 2584 930 2656 lin.
951 2584 1008 2672 46.
1036 2588 1070 2671 4.
1922 2589 1926 2593 ’

476 2721 563 2797 Opus·
574 2722 606 2776 in
623 2720 784 2776 Annalibus
802 2719 1022 2796 typographicis
1036 2719 1183 2794 hucusque
1197 2741 1256 2778 non
1271 2724 1447 2778 recensitum.
1465 2724 1603 2780 Jliosserus
1620 2724 1653 2778 in
1663 2721 1772 2777 Lexioi
1782 2714 1893 2777 Erudi-

569 2829 663 2868 torum
679 2813 876 2886 supplemento
896 2815 980 2868 Tom.
991 2829 1016 2867 a.
1028 2834 1057 2888 p.
1078 2817 1156 2887 1433.
1175 2814 1359 2890 dialogorum
1375 2831 1534 2881 memorat,
1545 2817 1617 2889 quin
1633 2830 1729 2871 temen
1744 2813 1780 2868 hi
1790 2832 1891 2870 recen·

568 2907 612 2961 fiti
630 2905 789 2980 specialiter
805 2904 918 2959 luissent
928 2904 1059 2959 iudicati.
1082 2905 1162 2982 Opus
1182 2907 1287 2981 absque
1305 2906 1393 2962 dubio
1410 2907 1595 2963 rariffimum.

288 3074 293 3082 ¹
378 3098 455 3167 106.
472 3136 516 3153 -
532 3095 804 3168 Rhetoricorum
823 3095 873 3167 M.
895 3093 1011 3167 Tullii
1027 3095 1210 3168 Ciceronis
1239 3094 1285 3168 ad
1309 3098 1345 3169 C.
1364 3095 1585 3168 Herennium
1607 3094 1692 3168 libri
1716 3110 1889 3195 quatuor

278 3235 366 3284 curn
378 3208 631 3283 eruditillimis
641 3212 953 3286 elucidationibus
963 3213 1089 3288 Frons.
1100 3209 1364 3288 Motoruntiiet
1380 3212 1884 3313 Antonii‘Manceizelliprae-

276 3326 407 3403 sertim
424 3324 463 3398 in
487 3325 657 3426 primum
679 3329 818 3400 librum
838 3345 875 3403 et
902 3357 990 3403 cum
1012 3330 1186 3404 familiari
1213 3331 1420 3405 admodum
1443 3330 1705 3404 JodociBadii
1721 3326 1893 3427 Asceefii

278 3447 316 3517 in
338 3435 477 3517 omnes
496 3458 661 3544 quatuor
680 3444 796 3515 libros
821 3445 1095 3541 explanatione.
1118 3447 1273 3520 -item
1304 3446 1474 3521 eiusdem
1499 3446 1548 3520 Μ.
1581 3446 1672 3523 Tull.
1698 3446 1885 3520 Ciceronis

281 3562 326 3636 de
344 3560 565 3635 inventione
576 3561 661 3633 libri
678 3561 763 3633 duc.
778 3562 1056 3636 aMarzoFobio
1065 3565 1423 3638 Victorinolihetore
1441 3564 1607 3669 expofiti.
1618 3606 1660 3619 -
1674 3562 1815 3661 Figura
1823 3574 1886 3663 t‘y-

275 3680 510 3783 pographiae
533 3707 620 3753 curn
652 3679 812 3778 inscript.
835 3680 990 3754 Prelum
1013 3680 1273 3757 ascenslanum.
1290 3724 1341 3739 —
1367 3681 1465 3755 insra
1491 3676 1710 3757 venduntur
1731 3680 1771 3754 in
1793 3679 1883 3755 vico

274 3800 403 3876 Sancti
425 3798 557 3871 Jacobi
568 3797 613 3871 ab
635 3797 805 3871 Johonne
825 3797 987 3872 Parvoet
1008 3798 1086 3899 ipso
1113 3797 1334 3896 Ascenszo-
1355 3801 1459 3873 Haec
1481 3800 1520 3872 in
1537 3797 1794 3873 fronte-sol.
1814 3825 1881 3873 eo-

272 3918 360 3994 dem
379 3919 414 3992 b.
436 3919 568 3991 dodoci
582 3916 699 3988 Bodii
710 3912 875 4012 Ascensii
887 3916 1047 4016 Epistola
1065 3917 1110 3991 ad
1135 3916 1393 4016 Wolsgongum
1406 3918 1640 4015 Largoeligto
1656 3916 1771 4015 vulgo
1788 3917 1882 3990 Bre-

274 4063 361 4112 cree.
383 4037 446 4111 fol.
464 4037 546 4110 238.
568 4034 630 4109 lin.
654 4062 706 4133 19.
723 4038 769 4108 ex
788 4034 946 4108 oedibus
967 4019 1098 4108 nostris
1119 4035 1158 4107 in
1178 4035 1405 4109 Parislornm
1427 4034 1633 4109 Academia
1648 4032 1694 4108 ad
1713 4033 1879 4108 ldusdu-

269 4154 352 4226 nias
374 4153 426 4225 M.
436 4152 483 4226 D.
495 4156 580 4226 Vll.
608 4153 720 4228 Char.
738 4155 797 4228 lat.
820 4152 949 4252 grand.
970 4150 1009 4225 in
1029 4168 1135 4225 textu
1160 4152 1311 4226 minulc.
1335 4151 1375 4224 in
1391 4151 1492 4224 notis
1507 4151 1640 4250 glossae
1663 4176 1780 4250 marg.
1797 4148 1878 4226 soll.

270 4269 353 4343 236.
372 4269 458 4366 fign.
474 4268 654 4341 ultimum
671 4273 813 4373 absque
830 4298 1003 4346 numero
1025 4270 1087 4343 lin.
1108 4287 1232 4343 textus
1251 4277 1309 4358 4¹·
1331 4269 1505 4342 Coment.
1524 4269 1581 4342 38.
1600 4269 1623 4342 s.
1773 4282 1778 4289 '

462 4404 586 4482 ipsamet
606 4405 716 4475 editio,
734 4429 821 4480 quam
838 4411 988 4464 Ponzerns
1005 4404 1040 4464 T.
1050 4430 1077 4483 7.
1094 4429 1122 4484 p.
1135 4409 1196 4463 130.
1209 4408 1247 4463 N.
1258 4406 1320 4462 261.
1335 4407 1467 4465 breviori
1475 4408 1562 4463 titulo
1573 4407 1705 4474 exhibet3
1723 4407 1874 4481 intergum

556 4513 650 4552 tamen
679 4498 833 4554 describere
860 4502 998 4556 necessum
1025 4518 1103 4566 erat3
1129 4521 1165 4555 ne
1184 4519 1256 4575 opus
1272 4499 1328 4554 hoe
1349 4520 1414 4556 oum
1431 4501 1490 4558 alia
1509 4500 1635 4556 eiusdem
1651 4501 1721 4556 anni
1745 4498 1878 4555 editione

555 4588 757 4646 confundatur.

366 4792 444 4863 ¹07·
464 4805 512 4824 -
533 4761 716 4836 Terentius
746 4787 834 4836 cum
860 4760 1008 4836 duobus
1039 4760 1276 4838 Commentis
1294 4806 1344 4823 —
1375 4790 1463 4840 curn
1486 4769 1599 4839 scone
1629 4760 1809 4840 Terrenn‘i
1830 4759 1874 4834 in
