4320 5700
284 593 392 653 xvlll
896 629 994 702 '.''''
1041 593 1151 689 )0(
1199 631 1300 650 ...-

280 795 324 854 ut
339 779 440 854 facto
458 795 584 853 tamen
603 779 730 881 aliqua
745 781 1140 872 fidea‘conciliaretur,
1160 789 1199 862 id
1215 813 1294 862 non
1316 815 1416 864 anno
1437 795 1541 882 1441,
1558 790 1617 868 sed
1634 796 1767 896 potius
1783 806 1897 893 ¹440·

279 937 472 1038 contigisse
492 938 724 1028 affirmatur,
747 968 834 1019 cum
851 960 982 1021 tamen
1001 951 1161 1032 constet,
1177 949 1465 1049 Guttenbergziam
1483 952 1559 1028 iam
1576 980 1675 1029 anno
1698 958 1805 1047 1436.
1829 977 1896 1060 ty·

276 1099 530 1202 pographiam
552 1102 790 1199 Argentoruti
805 1107 845 1180 in
866 1107 1021 1219 aedibus
1036 1107 1237 1182 Dn‘zhem'i
1247 1112 1396 1185 occulte
1416 1097 1628 1188 euercuille.
1653 1117 1712 1188 Ex
1740 1118 1890 1217 quibua

277 1264 488 1342 luculenter
504 1277 610 1363 patet
631 1263 888 1339 testimonium
917 1268 1079 1340 Cornelii
1099 1267 1145 1341 de
1172 1268 1423 1370 xylographia
1448 1272 1638 1372 loquentia
1663 1301 1688 1349 a
1714 1276 1832 1351 Gallo
1847 1296 1893 1356 et

284 1425 425 1525 Talesta
442 1424 489 1500 ad
516 1421 813 1522 typographiam
837 1424 1162 1525 guttenbergicam
1187 1431 1411 1504 translatum
1437 1430 1563 1516 fuiffe‚
1588 1459 1672 1507 rem
1696 1434 1749 1510 ita
1770 1435 1891 1513 Junio

277 1581 578 1688 exponentibus,
603 1597 647 1655 ut
667 1585 817 1657 eandem
834 1584 1057 1684 perscribens
1076 1588 1298 1664 tabellarem
1323 1590 1620 1690 typographiam
1646 1590 1736 1668 cum
1758 1597 1889 1672 versa-

275 1754 333 1832 tili
349 1751 477 1854 postea
494 1742 719 1820 confuderit.

372 2045 662 2125 confideremus
679 2066 829 2144 porro,
859 2042 965 2144 quod
985 2043 1061 2143 ipse
1085 2043 1314 2120 Meermanus
1338 2044 1516 2121 omnibus
1541 2046 1589 2121 ad
1611 2046 1881 2127 vindicandam

275 2207 581 2291 Harlemenfibus
597 2203 688 2278 artis
707 2203 1005 2302 typographicae
1026 2205 1214 2304 originem
1235 2204 1363 2280 ledulo
1391 2206 1558 2294 collatis,
1588 2207 1745 2282 demum
1771 2211 1886 2286 Jumo

276 2375 392 2454 nimia
412 2367 520 2445 facile
547 2364 663 2439 fidem
679 2362 878 2452 habuerit,
896 2362 962 2464 qui
980 2389 1026 2436 ex
1048 2363 1203 2439 officina
1219 2365 1444 2440 harlemensl
1462 2366 1565 2440 furto
1584 2367 1707 2443 ablata
1721 2367 1803 2443 iam‘
1817 2397 1885 2445 an-

277 2563 330 2647 no
355 2538 457 2643 ιῌμτ
477 2528 573 2602 duos
596 2523 734 2611 librom
763 2549 860 2624 quos
889 2522 989 2598 inter
1016 2522 1229 2637 Alexandri
1241 2526 1457 2599 Doctnhale
1475 2526 1663 2613 refertur,
1687 2554 1758 2627 per
1772 2529 1886 2626 Faus-

275 2717 350 2774 tum
364 2689 561 2794 imprellos
577 2682 681 2759 tuille
698 2683 938 2771 ennarravit‚
958 2709 1046 2758 cum
1068 2699 1196 2758 tamen
1215 2687 1373 2772 constet,
1386 2684 1612 2784 Mogunuhm
1631 2700 1718 2761 ante
1739 2709 1884 2763 annum

276 2862 381 2952 1450.
398 2852 494 2948 nihil
509 2845 808 2949 typographicae
823 2845 913 2919 artis
934 2843 998 2916 fibi
1024 2859 1195 2943 unquam
1210 2822 1419 2919 vindicalle.
1438 2847 1528 2918 Non
1543 2845 1731 2919 miremur
1745 2872 1880 2947 porro,

272 3020 395 3121 ipsum
411 3014 656 3090 Meennanum
665 3004 711 3079 ad
728 3004 844 3083 finem
862 3002 1158 3103 praestantillimi
1175 3001 1228 3077 lui
1246 3003 1373 3103 operis
1390 3005 1453 3101 26)
1482 3032 1502 3077 a
1521 3019 1800 3104 praeconcepta
1815 3003 1880 3079 lua

273 3174 456 3280 opinione
476 3170 642 3268 origines
661 3164 955 3268 typographicae
978 3162 1282 3239 Harlemenfibus
1294 3162 1546 3264 praecaeteris
1558 3162 1775 3238 vindicandi
1795 3146 1879 3239 fere

272 3337 427 3442 penitus
446 3321 643 3444 recelliffe‚
664 3326 888 3401 dumallerit
901 3326 1112 3398 tabellarem
1132 3324 1371 3399 solummodo
1393 3305 1654 3425 cmpreffihnem
1673 3323 1875 3411 Hurhzmzh,

270 3496 510 3574 threntionem
531 3489 729 3562 litterarum
755 3483 819 3584 27)
852 3483 1096 3583 Agammeia,
1115 3484 1391 3582 perfectionem
1410 3484 1629 3572 vernantis,
1646 3481 1871 3584 praesertim
1948 3496 1953 3506 ‘

271 3651 508 3754 lt'ttertlfiasis
523 3644 791 3749 imprimendi,
820 3645 1025 3745 Moguntt‘ae
1045 3643 1175 3718 deberi.

368 3904 705 4002 supervacaneum
730 3890 900 3992 adeoque
925 3891 997 4004 eh,
1021 3901 1245 3989 argumenta
1268 3885 1331 3963 hic
1357 3886 1466 3962 latius
1494 3911 1709 3988 exponere,
1730 3887 1871 3990 quibus¹

269 4064 445 4142 nonnulli
464 4057 678 4160 Moguntt'ae
699 4050 961 4130 inventionem
984 4045 1074 4124 ertia
1095 4045 1392 4147 typographicae
1410 4044 1601 4122 vindicare
1618 4045 1741 4120 moliti
1751 4061 1871 4131 erant,
1996 4037 2001 4044 ’

308 4338 1888 4379 ...ὤ-*Μ

258 4544 262 4554 ’
371 4532 420 4606 26)
440 4529 478 4587 L.
495 4548 518 4585 c.
542 4527 614 4583 Tua.
640 4530 722 4600 palo.
739 4522 770 4577 ln
789 4516 988 4577 absolvunt·
1009 4516 1160 4579 multllm
1188 4514 1221 4569 da
1241 4516 1367 4575 luvuuh
1386 4520 1652 4597 Moguntiuanlium
1669 4529 1702 4584 in
1721 4544 1781 4586 arte
1797 4483 1876 4585 chil-

231 4686 234 4692 -
271 4644 459 4729 ecgraphioa.

368 4812 418 4888 ²7)
437 4809 500 4889 Ipsa
517 4808 603 4867 etlam
630 4802 786 4863 uratum
805 4798 835 4859 lu
854 4795 993 4879 punitum
1017 4796 1065 4855 luo
1085 4792 1232 4855 volutum·
1254 4794 1418 4875 ytolltanur
1445 4816 1534 4859 utem
1552 4806 1794 4884 typographicam
1800 4809 1872 4885 pri.
