4320 5700
650 653 888 714 siraconus
914 620 1454 710 mauocmemcus'unxu.
1622 670 1624 676 ·
1837 636 1879 707 61

274 833 430 910 minusc.
450 834 489 908 in
507 848 711 909 comment.
729 833 862 934 glossae
883 858 1000 932 marg.
1023 832 1099 907 foll.
1115 833 1198 908 206.
1229 830 1315 933 sign.
1336 859 1395 906 21.
1413 856 1493 904 non
1509 829 1636 930 figmf.
1668 831 1732 903 Ex
1750 832 1881 905 sullec-

276 956 375 1028 tt'one
392 952 628 1026 Herbizttma.

474 1093 602 1147 Panzerr'
615 1089 719 1146 Annal.
740 1091 871 1167 Typogr.
890 1091 924 1146 T.
932 1113 960 1166 7.
980 1073 1081 1166 1³:567.
1098 1090 1208 1164 N.574.
1226 1089 1328 1145 Mcr'lt.
1351 1089 1419 1146 ΤΛ.
1440 1107 1468 1164 p.
1481 1089 1544 1145 250.

275 1301 279 1307 ·
376 1280 454 1375 176.
470 1319 520 1336 --
545 1280 670 1376 Cursm
691 1264 826 1379 Logicr‘
847 1279 1224 1354 Commentariorum
1246 1281 1370 1353 nostra
1399 1277 1641 1352 collectanea
1667 1316 1716 1334 -
1742 1276 1881 1375 infigne

272 1397 425 1471 Domus
444 1397 633 1472 Saxoniae
655 1424 743 1471 cum
759 1396 820 1472 sex
836 1398 998 1472 distichis
1020 1398 1059 1471 in
1080 1397 1214 1471 fronte.
1232 1438 1282 1452 -
1305 1395 1368 1469 fol.
1393 1395 1530 1471 eodem
1555 1396 1590 1470 b.
1610 1395 1767 1469 Mamiu'
1782 1393 1881 1469 Poli-

275 1514 356 1588 cht'i
369 1516 537 1589 auctoris
553 1516 715 1616 Epistola
732 1515 779 1588 ad
795 1516 1011 1590 Electorem
1029 1515 1218 1589 saxoniae
1234 1557 1283 1571 -
1301 1513 1535 1587 Tabulae-
1555 1512 1617 1585 fol.
1640 1540 1669 1587 1.
1693 1512 1789 1588 liber
1805 1513 1884 1614 pri-

276 1657 427 1706 mus-
444 1634 513 1706 fol:
530 1660 607 1706 122.
637 1633 700 1706 lin.
730 1633 814 1706 linis
837 1632 1056 1732 impressum
1072 1633 1202 1734 Ltptzlt
1219 1646 1289 1732 per
1314 1631 1534 1706 Mehaelem
1560 1631 1739 1704 Lotterum
1765 1631 1880 1705 Anno

277 1751 400 1825 salutis
418 1750 548 1824 Milies.
568 1750 866 1852 quingenteslmo
886 1738 1341 1825 duodecimoViceslmo
1355 1774 1446 1824 vero
1455 1751 1485 1822 F
1487 1750 1634 1824 ebruar.
1655 1749 1766 1823 Char.
1778 1748 1882 1848 goth.

278 1867 410 1943 minut.
431 1868 507 1942 foll.
527 1868 646 1945 trium
666 1867 875 1942 sectionum
894 1868 1040 1942 divifim
1061 1867 1147 1969 fign.
1174 1894 1250 1942 122.
1273 1868 1335 1942 lin.
1353 1869 1411 1942 66.
1434 1866 1457 1941 s.

470 2029 597 2084 Panaeti
610 2027 714 2084 Annel.
734 2029 865 2103 Typogr.
886 2029 919 2084 T.
929 2047 956 2102 7.
971 2047 999 2103 p.
1015 2027 1075 2102 175.
1095 2029 1133 2084 N.
1145 2045 1209 2102 ³7¹·

378 2243 457 2313 ¹77·
478 2258 526 2274 -
553 2216 809 2291 Vocabularriss
829 2198 975 2316 gemma
997 2225 1256 2316 gemmarumt
1276 2217 1365 2317 quia
1381 2243 1451 2316 per
1476 2214 1723 2290 insertionem
1744 2215 1883 2288 multo-

272 2333 649 2408 rumvocabulorum
661 2334 883 2408 emendatus
898 2350 936 2408 et
951 2333 1036 2409 ideo
1047 2334 1186 2408 merito
1197 2360 1347 2434 gemma
1360 2358 1598 2432 gemmarum
1608 2334 1883 2434 appellatur.-

277 2451 382 2525 Haec
401 2451 441 2523 in
458 2452 584 2526 fronte
602 2452 714 2526 litter.
730 2451 998 2550 rubro-nigris
1013 2450 1210 2553 limhoque
1235 2451 1349 2527 inciso
1371 2467 1558 2527 contenta.
1587 2490 1633 2507 -
1659 2451 1722 2526 fol.
1749 2478 1827 2548 ¹71·
1847 2451 1885 2525 b.

282 2568 538 2641 Vocabulorum
555 2594 705 2666 gemma
723 2595 961 2667 gemmarum
981 2569 1180 2668 diligenter
1195 2569 1336 2660 revisus
1356 2590 1392 2646 et
1408 2570 1601 2668 castigatus
1612 2594 1759 2670 perque
1772 2569 1882 2643 loan-

277 2710 359 2756 nem
370 2683 632 2784 Schonſjrerger
645 2685 684 2758 in
692 2686 852 2785 Augusta
869 2687 964 2761 urbe
975 2713 1018 2761 ac
1034 2686 1189 2761 aedibus
1200 2687 1272 2762 suis
1283 2689 1397 2761 Anno
1406 2687 1565 2763 Domini
1577 2687 1877 2786 MCCCCCXll.

273 2799 392 2904 Char.
413 2800 517 2900 goth.
534 2800 602 2875 litt.
622 2826 737 2902 marg.
757 2802 832 2877 foll.
858 2831 936 2903 171.
956 2831 1035 2878 non
1052 2829 1156 2878 num.
1176 2803 1239 2878 lin.
1260 2803 1319 2895 43.
1339 2812 1372 2894 4.

469 2962 597 3016 Panaeti
610 2961 715 3017 Aurial.
736 2962 867 3039 Typogr.
888 2965 923 3019 T.
942 2963 969 3019 6.
990 2983 1019 3040 p.
1042 2975 1101 3038 140.
1119 2964 1159 3020 N.
1169 2962 1215 3022 60.
1235 2962 1323 3040 laps
1334 2964 1369 3019 T.
1379 2979 1405 3018 2.
1424 2983 1452 3039 p.
1463 2963 1507 3020 62.
1525 2963 1562 3019 Ν.
1577 2979 1617 3020 12.

376 3150 453 3247 178.
472 3193 522 3208 -
538 3150 1274 3256 EpistolaeFranctsct'Phr‘lelphiEquitis
1292 3152 1411 3227 aurati
1433 3152 1596 3228 oratoris
1613 3167 1726 3253 atque
1739 3152 1880 3228 Poetae

141 3342 149 3351 ,
277 3267 434 3341 laureati
451 3267 659 3355 breviores,
684 3270 934 3369 elegantiores
953 3286 1022 3344 etc.
1043 3313 1082 3328 -
1111 3270 1238 3345 addita
1260 3287 1458 3370 praeterea
1473 3274 1522 3344 est
1542 3269 1746 3345 tabulaetc.
1767 3271 1883 3346 Prae·

277 3399 381 3459 terea
399 3383 601 3459 familiares
616 3386 789 3486 epistolae
813 3386 1156 3485 AngeliPolict'am'
1174 3386 1220 3462 ad
1239 3387 1343 3462 viros
1366 3388 1521 3462 illustres
1540 3403 1609 3483 etc.
1636 3431 1685 3447 -·
1711 3390 1816 3464 Haec
1841 3389 1880 3463 in

276 3499 403 3576 fronte
419 3544 468 3560 -
485 3501 549 3576 fol.
566 3503 625 3583 61,
653 3501 739 3602 fign.
767 3503 831 3577 lin.
850 3504 908 3604 39.
935 3504 1153 3605 impressum
1183 3505 1410 3603 Argentinae
1437 3531 1506 3605 per
1530 3506 1728 3611 Martanum
1754 3507 1880 3580 Flaclt.

276 3620 389 3701 Anno
405 3620 564 3695 Domini
584 3621 768 3696 Milefimo
786 3623 1085 3723 quingentellmo
1104 3621 1342 3698 duodecimo.
1370 3622 1432 3696 fol.
1461 3622 1534 3723 seq.
1564 3624 1690 3723 infign.
1709 3620 1880 3723 Typogr.

279 3735 389 3812 Char.
411 3739 514 3839 goth.
535 3738 611 3812 soll.
627 3741 684 3813 61.
702 3737 788 3839 fign.
807 3739 846 3814 in
864 3756 947 3815 toto
966 3743 1023 3815 68.
1039 3741 1101 3814 lin.
1123 3750 1180 3831 4¹·
1200 3750 1233 3830 4.

469 3900 597 3953 Panzerr‘
612 3899 718 3954 Annal.
739 3900 871 3975 Typogr.
888 3901 922 3954 T.
938 3918 967 3976 9.
983 3902 1084 3976 p.359.
1104 3901 1142 3955 N.
1155 3901 1214 3974 243.
1235 3899 1264 3957 b.
1281 3897 1445 3955 conseratur
1462 3899 1554 3954 Catal.
1574 3900 1632 3954 mei
1650 3898 1709 3954 vol.
1723 3919 1747 3954 ι.
1767 3917 1795 3953 n.
1819 3893 1880 3974 198.

377 4113 456 4184 ¹79·
471 4129 521 4145 -
543 4088 799 4162 Vocabulan'us
816 4115 968 4188 gemma
983 4112 1222 4190 gemmarum
1235 4086 1303 4188 qui
1316 4114 1386 4187 per
1406 4086 1650 4161 insertionem
1672 4087 1884 4161 multorum

278 4204 552 4278 vocabulorum
566 4206 793 4281 'emendatus
810 4211 868 4281 est.
896 4208 982 4283 ideo
1001 4207 1138 4281 merito
1158 4230 1308 4303 gemma
1332 4229 1571 4304 gemmarum
1590 4206 1814 4304 appellatur.
1834 4250 1883 4266 -

276 4320 381 4395 Haec
399 4321 437 4395 in
455 4321 580 4396 fronte
599 4365 647 4380 -
666 4324 728 4396 fol.
749 4325 831 4399 eod.
851 4326 885 4399 b.
906 4326 1091 4424 Prologus
1109 4323 1240 4397 -sol
1262 4324 1339 4395 151.
1356 4321 1420 4394 lin.
1436 4323 1493 4396 23.
1505 4323 1770 4399 vocabularius
1782 4351 1884 4424 gem·

276 4466 338 4513 ma
356 4466 594 4538 gemmarum
613 4442 811 4541 diligenter
828 4445 970 4519 revisus
989 4462 1026 4519 et
1046 4442 1238 4542 castigatus
1257 4438 1529 4543 impressusque
1548 4442 1587 4516 in
1603 4442 1793 4543 imperiali
1812 4471 1881 4543 op-

276 4558 367 4658 pido
382 4559 571 4656 Hagenaw
590 4586 659 4659 per
676 4558 897 4637 industrium
917 4565 1111 4636 Henricum
1130 4561 1229 4634 Gran
1248 4559 1341 4633 inibi
1362 4558 1526 4634 incolam
1543 4560 1719 4660 impensts
1732 4558 1879 4633 etlum-

277 4675 404 4774 ptibus
419 4666 679 4778 circumspecti
703 4679 775 4753 viri
794 4682 1130 4781 archibibliopolae
1147 4681 1300 4754 Ioannis
1315 4679 1513 4780 Rynmann
1534 4678 1579 4753 de
1603 4679 1772 4773 Gn'ngau
1796 4673 1880 4746 finit

278 4792 447 4871 feliciter.
466 4796 581 4870 Anno
603 4798 695 4897 virg.
718 4815 812 4897 part.
831 4801 999 4875 MDXll.
1021 4800 1061 4875 in
1086 4793 1158 4874 die'
1176 4800 1347 4895 Gregorii
1357 4824 1478 4896 papae
1502 4812 1539 4870 et
1561 4791 1788 4868 confessoris.
1810 4791 1878 4889 Se·
