4320 5700
675 637 916 699 caratoous
942 585 1329 697 rruuoouunrcus
1356 636 1480 696 ιιιιιιι.
1836 624 1885 712 45
1964 692 1970 703 .

562 819 676 896 p254
703 818 887 876 indicatam'
877 819 1017 886 invenio,
1043 818 1095 875 ubi
1103 817 1331 934 sl'ypogrspbus
1349 836 1409 875 ιιοιι
1432 817 1540 884 Sason
1567 815 1615 872 led
1631 816 1745 875 sueton
1760 817 1882 920 scriptus

564 911 681 990 legitur.

376 1101 512 1176 128.-
534 1065 802 1176 Grammaticae
817 1098 1056 1198 ebstz'tutebnes
1071 1099 1199 1176 Iacobi
1211 1099 1508 1175 Henn'chmanni
1518 1100 1804 1201 flndelfingenlis
1822 1127 1883 1177 ca·

276 1220 425 1320 lligatae
457 1220 582 1294 denuo
608 1235 722 1322 atque
748 1220 949 1323 diligenter
974 1221 1251 1295 elaboratae-
1278 1220 1647 1302 arscondendorum
1669 1220 1881 1295 carminum

276 1340 432 1446 Henu'cl
443 1337 838 1438 Bebelr'z'Justingensls
852 1354 991 1438 poetae
1011 1338 1179 1413 laureati.
1199 1338 1441 1438 syliabarum
1456 1337 1685 1439 quantitates
1697 1395 1706 1426 ,
1717 1365 1884 1414 racema-

276 1452 401 1531 tiones
421 1475 459 1533 et
475 1456 735 1558 exquisltiores
752 1453 1033 1531 observationes
1053 1455 1224 1532 eiusdem
1234 1455 1405 1531 invenies
1416 1454 1644 1530 hicstudiose
1654 1456 1775 1530 lector
1783 1457 1882 1530 Hen-

276 1577 348 1647 rici
360 1574 509 1648 Bebelii
520 1575 733 1649 carminum
755 1590 876 1648 artem
895 1574 1154 1661 emendatam,
1178 1591 1215 1649 et
1232 1590 1382 1649 auctam
1399 1574 1627 1675 quibusdam
1645 1573 1684 1647 in
1704 1575 1814 1663 locis,
1835 1601 1882 1650 ex

278 1717 354 1790 qua
375 1692 547 1791 priorem
565 1693 711 1766 anobis
732 1691 873 1766 editam
890 1693 1040 1791 castiges
1056 1693 1239 1767 velrm
1256 1692 1318 1767 sol.
1345 1680 1879 1790 221.n0nllgn.1⁴srgent1‘nae
2003 1716 2006 1721 ·

279 1808 434 1883 aedibus
453 1809 715 1883 IoannisPriis
727 1812 841 1908 vulgo
856 1838 937 1883 zum
956 1811 991 1881 T
984 1809 1421 1910 hiergartemmprellum
1432 1811 1546 1884 Anno
1557 1810 1613 1883 Μ.
1622 1811 1669 1884 D.
1684 1810 1751 1887 lX.
1764 1811 1875 1885 Char.

278 1926 381 2024 goth
403 1928 481 2002 soll.
502 1954 584 2000 220.
605 1926 690 2026 fign.
709 1955 831 2002 unum
849 1928 922 2002 fine
939 1953 1112 2003 numero
1130 1930 1197 2003 lin.
1209 1936 1267 2018 40.
1295 1935 1328 2019 4.

470 2065 599 2123 Poma·
612 2068 717 2123 Annal
740 2069 880 2144 Typogr.
892 2069 927 2123 Τ.
938 2067 964 2124 6.
981 2087 1010 2144 p.
1001 2070 1067 2142 ..45
1086 2069 1124 2124 Ν.
1140 2069 1202 2125 ι55.

380 2281 515 2354 129.-
535 2254 837 2358 Cosmogrophz'ae
860 2220 1070 2332 ibtroductz'o
1093 2285 1181 2332 cum
1209 2248 1438 2358 quibusdam
1459 2255 1691 2356 geometriae
1710 2283 1753 2332 ac
1771 2262 1884 2332 altro-

277 2372 429 2448 nomiae
450 2373 648 2474 principiis
667 2374 713 2449 ad
731 2403 814 2450 eam
832 2402 916 2450 rem
929 2375 1198 2452 necessariis-
1216 2375 1368 2475 insuper
1386 2390 1551 2476 quatuor
1572 2374 1737 2448 Amerz'cz‘
1758 2375 1883 2477 Vespu-

274 2493 655 2591 czi‘navtgattbnes-
669 2493 890 2569 universalis
907 2493 1227 2598 Cosmograpbiae
1251 2493 1451 2591 descriptio
1470 2509 1547 2567 tam
1569 2492 1607 2565 in
1629 2492 1747 2567 solido
1767 2521 1890 2600 quam!
2018 2483 2021 2492 ¹

277 2609 412 2708 plano,
435 2610 488 2683 eis
508 2611 623 2684 etiam
640 2610 809 2698 insertis,
830 2640 926 2714 quae
952 2612 1153 2687 Ptolomeo
1180 2613 1327 2711 ignota,
1357 2638 1378 2685 a
1396 2611 1551 2710 nuperis
1567 2627 1720 2713 reperta
1737 2610 1883 2686 lunt-

276 2723 445 2826 sequitur
464 2728 646 2802 distichon
656 2772 704 2786 —
720 2731 825 2804 Haec
841 2730 880 2804 in
906 2730 1032 2804 fronte
1048 2773 1096 2792 -
1115 2729 1177 2804 sol.
1199 2728 1336 2804 eodem
1360 2726 1519 2827 Philesz’z'
1541 2729 1779 2833 Vogeszgz'nae
1797 2759 1878 2806 car·

279 2870 370 2918 men
383 2890 423 2901 ·-
445 2845 508 2920 sol.
532 2875 564 2920 2.
595 2848 849 2949 antiloquium
872 2849 1037 2924 auctoris
1057 2850 1215 2924 Martini
1236 2849 1480 2921 Ilacomz'li-
1497 2847 1560 2922 fol.
1580 2849 1612 2921 3.
1634 2847 1879 2923 Geometriae

277 2963 504 3039 rudimenta.
529 2966 594 3040 sol.
620 2966 678 3039 32.
696 2965 759 3042 lin.
789 2969 841 3040 18.
862 2965 991 3068 prellit
1012 2968 1113 3068 apud
1135 2968 1418 3064 Argentoracos
1446 2965 1638 3064 hocopus
1663 2965 1878 3065 ingeniosus

279 3082 338 3153 vir
356 3082 485 3158 Ioann.
507 3085 715 3183 Gruninger
722 3084 845 3186 super.
865 3085 1230 3186 Sesquimilelimum
1246 3110 1363 3158 nono.
1382 3083 1523 3156 Ioanne
1532 3083 1702 3184 Adolpho
1718 3084 1882 3159 Mulr'cho

280 3200 613 3296 Argentinenslum
634 3203 873 3301 Castigatore.
900 3202 1011 3277 Char.
1033 3204 1135 3302 goth.
1155 3203 1234 3277 foll.
1249 3203 1307 3276 32.
1325 3227 1406 3275 non
1419 3225 1567 3276 numer.
1589 3199 1653 3277 lin.
1669 3201 1728 3300 37.
1750 3209 1785 3292 4.

469 3341 598 3396 Panaeti
614 3341 719 3397 Annal.
739 3342 872 3416 Typogr.
891 3341 959 3397 16.
977 3352 1060 3416 p.44.
1081 3342 1120 3396 N.
1133 3342 1195 3397 150.
1280 3352 1283 3359 “

373 3531 451 3606 ι3ο.
463 3573 511 3589 -
527 3525 683 3629 Agenda
706 3530 778 3604 slve
793 3497 1092 3604 Benedi'cttonale
1108 3555 1311 3610 commune
1325 3527 1561 3630 agendorum
1576 3532 1731 3606 cuilibet
1742 3533 1879 3633 pastori
1968 3603 1969 3606 ,

274 3649 445 3724 eccleslae
462 3646 778 3724 necessarium—
805 3649 939 3723 Haec
930 3675 970 3723 m
987 3648 1172 3723 fronte·
1193 3649 1262 3722 litt.
1281 3648 1417 3721 rubris.
1438 3648 1500 3721 sol.
1521 3649 1570 3738 84
1590 3649 1809 3748 impressum
1830 3655 1879 3724 est

273 3767 348 3840 hoc
371 3794 468 3868 opus
490 3766 728 3865 agendorum
746 3783 936 3842 caractere
956 3767 1078 3842 nitido
1102 3767 1242 3868 Lyptzst
1264 3784 1336 3866 per
1361 3765 1544 3839 Melchior
1563 3767 1694 3840 Lotter.
1723 3768 1839 3838 Anno
1859 3794 1881 3840 a

271 3900 386 3983 partu
402 3884 572 3984 Virginis
591 3885 643 3958 M.
656 3885 830 3959 CCCCC
842 3886 910 3960 lx
937 3886 1048 3961 Char.
1061 3886 1164 3986 goth
1182 3885 1345 3959 choralrs
1357 3882 1533 3958 rubro
1479 3909 1613 3984 -mgen
1629 3883 1706 3958 soll.
1722 3882 1781 3957 83.
1793 3882 1880 3983 fign.

278 4002 354 4077 duo
372 4002 446 4078 line
461 4028 567 4077 num.
584 4002 650 4077 lin.
673 4030 727 4103 ¹9·
753 4011 788 4094 4.

470 4142 572 4199 Editio
590 4144 751 4210 rarissima,
771 4160 799 4199 et
816 4141 943 4200 analillis
958 4140 1167 4198 recentioribus
1184 4141 1345 4216 incognita.

333 4403 338 4412 ,
378 4330 456 4404 ι3ι.
469 4373 516 4391 -
535 4329 797 4430 Przsczbnus-
814 4361 894 4408 non
913 4333 1085 4409 docentis
1108 4347 1145 4406 et
1158 4328 1400 4438 scribentium
1416 4329 1571 4404 insra-
1585 4327 1712 4406 Habes
1720 4329 1784 4404 hic
1795 4357 1881 4406 can-

280 4449 366 4525 dide
384 4450 528 4524 Lector
546 4449 585 4523 in
603 4451 677 4526 hoc
692 4479 809 4552 opere
828 4452 1013 4552 Prisczbm'
1024 4453 1207 4527 volumen
1228 4448 1349 4524 maius
1370 4476 1458 4525 cum
1476 4450 1710 4551 expofitione
1728 4450 1882 4549 'elegan-

280 4567 414 4643 tilllma
430 4566 617 4645 clarissimi
634 4568 853 4672 Philosophi
876 4573 1030 4649 Ioannis
1052 4569 1098 4644 de
1126 4570 1292 4670 Azbgrae
1307 4612 1356 4630 -
1376 4567 1493 4646 babes
1513 4571 1588 4645 huc
1610 4569 1761 4668 insuper
1782 4568 1881 4641 eius·

152 4749 164 4769 .
283 4686 370 4762 dem
389 4688 570 4763 volumen
591 4688 741 4775 minus,
766 4706 805 4765 et
828 4690 874 4765 de
896 4689 1101 4766 duodecim
1124 4690 1355 4765 carminibus
1385 4718 1428 4766 ac
1452 4689 1567 4765 etiam
1597 4688 1642 4761 de
1664 4685 1879 4761 accentibus

280 4831 370 4881 curn
387 4805 619 4908 expositione
636 4806 709 4883 viri
726 4809 916 4911 eloquent
937 4811 1111 4884 Danielis
1132 4804 1316 4910 Cessetani:
1331 4835 1433 4883 nunc
1451 4806 1622 4908 primum
1633 4801 1747 4889 edita,
1763 4799 1881 4876 babes
