4320 5700
647 608 886 671 22222222
909 607 1288 668 mnosrsrmcns
1311 606 1497 665 rmum.
1555 585 1567 604 ⁹
1809 590 1882 665 133

375 801 458 883 422.
481 834 533 850 -
556 792 616 865 De
634 794 866 866 &mro
888 787 1145 886 fflmfiine
1164 790 1297 863 oontio
1320 785 1533 887 dignillima
1548 827 1594 842 -
1620 787 1715 862 item
1731 786 1780 861 de
1790 787 1881 888 sm

282 911 506 989 temdatibas
519 927 585 986 aut
594 907 787 1007 soddldizs
807 928 997 1012 quatem
1025 928 1065 985 et
1087 907 1288 1009 quomodo
1312 907 1358 980 iis
1381 905 1581 981 utendum.
1607 904 1742 980 nant.
1772 905 1881 979 Μ.

280 1033 355 1104 Α2.
376 1029 639 1103 M.D.XXlV.
664 1030 771 1105 Hace
786 1029 827 1103 in
841 1029 970 1103 fronte
990 1075 1039 1089 -
1064 1029 1129 1101 sol.
1144 1028 1205 1100 332
1239 1026 1275 1099 lu
1316 1023 1476 1098 llam
1500 1023 1653 1122 lollius
1672 1024 1884 1099 excudeba-

279 1163 345 1221 tur
358 1147 433 1221 hoc
445 1147 494 1222 de
506 1146 712 1222 venerabili
731 1165 772 1222 et
787 1146 1102 1248 superbenedieto
1116 1145 1304 1219 Dominni
1324 1144 1501 1245 corporis
1520 1142 1755 1218 sacramento
1771 1140 1883 1243 opul-

279 1266 409 1339 culum
424 1265 646 1364 (Basileae)
666 1269 783 1340 Anno
806 1266 918 1340 ttn.
927 1266 1065 1338 XXIV
1067 1323 1077 1338 .
1097 1263 1250 1338 decimo
1270 1262 1432 1364 septimo
1454 1262 1645 1337 Kalendas
1670 1261 1881 1338 lanuarias.

125 1356 134 1379 ⁴
281 1382 393 1458 char.
408 1384 472 1458 ne
491 1383 569 1457 fon.
586 1384 645 1458 33.
667 1385 730 1458 nn
746 1386 804 1458 2e
819 1386 855 1458 2

471 1521 1214 1600 rmutanarmmumressa

372 1694 456 1782 423.
480 1737 529 1753 -
551 1693 715 1765 Iatcrizni
722 1693 982 1790 ‹lanosaenfis
1000 1694 1166 1767 oratoris
1181 1692 1393 1779 darillimi,
1415 1692 1465 1767 de
1480 1693 1583 1767 veris
1599 1693 1884 1767 narrationibus

280 1811 544 1886 commentarii
559 1810 635 1884 duo
653 1810 889 1896 fellivillimi,
907 1812 1046 1885 latina
1061 1812 1378 1912 interpretatione
1392 1839 1415 1886 e
1440 1810 1600 1910 regione
1621 1811 1786 1907 adjecta,
1821 1810 1886 1885 led

279 1930 424 2004 autoris
443 1929 598 2015 incerti,
624 1957 700 2030 qua
719 1947 849 2004 tamen
871 1930 989 2031 isqui
1012 1931 1111 2004 citra
1127 1957 1311 2029 magnum
1334 1929 1533 2016 laborem,
1560 1947 1601 2005 et
1622 1930 1886 2030 praeceptoris

228 2048 237 2060 ”
280 2073 437 2146 operam
455 2048 601 2121 Graece
617 2047 763 2122 discere
776 2049 890 2134 velit,
908 2047 957 2122 ad
978 2048 1060 2122 eius
1079 2049 1231 2145 linguae
1246 2048 1509 2145 cognitionem
1526 2074 1606 2120 non
1622 2074 1762 2145 pamm
1779 2048 1885 2123 iuva·

273 2163 392 2269 litut.
420 2167 519 2238 Nam
537 2181 724 2264 quantum
736 2166 820 2240 fieri
835 2167 985 2265 potuit,
1005 2167 1223 2240 curavimus
1237 2183 1282 2239 ut
1290 2168 1440 2239 Graeoe
1455 2165 1603 2240 Latinis
1617 2164 1886 2265 respondeant,

152 2344 162 2351 .
279 2308 419 2381 nempe
439 2282 599 2382 paginae
615 2284 836 2382 paginis-
852 2286 1028 2381 Basileoe
1041 2285 1082 2356 in
1103 2284 1260 2358 aedibus
1283 2285 1474 2357 Valentini
1499 2286 1686 2370 Caum,
1708 2283 1886 2358 Calendis

242 2391 247 2397 ’
278 2399 538 2497 Septembris,
559 2402 677 2474 Anno
696 2401 807 2474 MD.
816 2402 964 2474 XXIV.
982 2447 1028 2462 -
1042 2403 1149 2475 Haec
1166 2401 1206 2491 in
1224 2401 1354 2476 fionte
1371 2403 1504 2478 -tot
1521 2404 1581 2499 37.
1598 2403 1633 2476 b.
1651 2403 1718 2476 lin.
1733 2430 1793 2477 22.
1808 2405 1887 2477 Ba·

266 2516 390 2612 sileac
413 2517 514 2615 apud
543 2519 680 2592 Valent.
708 2521 895 2593 62222212
918 2521 1098 2594 Kalendis
1120 2519 1339 2620 septembr.
1368 2548 1469 2595 anno
1490 2524 1593 2612 1524.
1627 2522 1740 2598 Char.
1760 2522 1822 2597 lat.
1847 2537 1887 2596 et

281 2658 402 2732 graec.
420 2633 572 2732 Splend.
591 2635 667 2708 foll.
687 2636 746 2710 38.
765 2663 844 2709 non
859 2636 945 2734 [ign
966 2638 1030 2710 lin.
1045 2639 1104 2733 37.
1125 2646 1159 2725 4

279 2772 407 2828 Pamn‘
425 2771 530 2829 tanat
547 2773 679 2848 Typogt·
699 2776 736 2833 T·
745 2775 774 2831 6.
790 2791 892 2849 μη,
904 2777 947 2857 11.
963 2778 1029 2852 53].
1047 2779 1150 2833 Maias.
1168 2773 1232 2831 lud.
1248 2780 1289 2831 11.
1307 2799 1336 2854 p.
1346 2779 1392 2833 33.

374 2947 457 3031 424.
484 2983 533 3001 -
556 2943 764 3017 Elucidani)
788 2943 968 3019 Fabricae
981 3004 990 3019 .
1005 2947 1168 3048 ususque
1183 2948 1403 3034 Astrolabii,
1427 2947 1574 3023 Ioanne
1592 2947 1787 3040 Stzfien'no
1815 2951 1886 3024 Ju-

282 3058 446 3156 stingensl
464 3060 783 3146 viroGermanO,
803 3079 918 3162 atque
935 3065 1054 3137 totius
1076 3063 1291 3162 sphaericae
1311 3065 1523 3140 doctiffimo
1542 3083 1695 3140 autore:
1724 3069 1802 3142 iam
1820 3068 1886 3143 de·

282 3199 360 3246 nuo
380 3174 426 3248 ab
445 3177 581 3249 eodem
593 3178 657 3249 vix
673 3179 907 3252 aestimandis
921 3179 1120 3255 sudoribus
1131 3183 1328 3281 recognita
1343 3183 1544 3282 diligenter
1559 3185 1884 3286 locupletataque:
2029 3205 2032 3210 '

286 3305 324 3365 et
338 3289 493 3364 tandem
509 3317 588 3365 non
608 3294 757 3369 minore
782 3296 975 3393 diligentia
998 3298 1225 3373 coebelianis
1242 3302 1347 3401 typis
1362 3301 1505 3376 excusa
1525 3345 1576 3360 -
1604 3303 1710 3377 Haec
1725 3304 1886 3393 indron-

280 3423 318 3482 te
334 3407 452 3482 limbo
468 3407 662 3507 splendido
689 3428 822 3487 ornata
848 3439 936 3487 cum
957 3422 991 3504 4.
1017 3415 1178 3490 distichis
1196 3418 1243 3491 ad
1267 3420 1451 3495 lectorem
1475 3437 1515 3494 et
1536 3419 1637 3501 infra
1661 3422 1884 3522 Oppenhecin

203 3580 211 3591 .
280 3526 394 3601 Anno
412 3526 464 3599 Μ.
472 3525 675 3625 Ι).ΧΧΝ.
693 3556 740 3602 ex
752 3529 937 3606 lecundea
951 3533 1118 3608 auctoris
1134 3538 1408 3635 recognitione.
1436 3563 1526 3612 cum
1543 3539 1745 3638 privilegio
1764 3540 1884 3638 impess

279 3643 440 3737 21211.-
464 3644 528 3718 fol.
558 3646 616 3743 78.
642 3651 722 3747 poll
747 3648 873 3748 inlign
899 3651 1071 3752 Typogr.
1102 3655 1321 3754 oppenheim
1346 3655 1386 3728 in
1411 3657 1567 3731 aedibus
1592 3657 1737 3730 Cobelii
1755 3655 1871 3745 mens·

277 3761 421 3859 Martio
447 3762 563 3838 Anno
582 3766 770 3843 restitutae
787 3767 912 3843 salutis
930 3767 1118 3846 humanae
1135 3772 1187 3844 M.
1197 3771 1246 3846 D.
1255 3773 1403 3848 XXlV.
1431 3774 1546 3852 Char.
1574 3777 1636 3850 lat.
1660 3775 1767 3872 figur.
1798 3799 1883 3873 per·
1909 3816 1957 3937 ,ρ

283 3881 434 3955 multae.
453 3881 554 3980 gloll.
572 3909 688 3983 marg.
707 3884 784 3959 foll.
804 3886 860 3983 78.
876 3886 963 3986 lign.
980 3887 1044 3960 lin.
1067 3890 1124 3976 46.
1142 3889 1165 3962 f.
1916 3940 1919 3945 ·

472 4022 602 4078 Panaeti
620 4023 725 4084 Annal.
744 4025 878 4100 Typogr.
897 4028 931 4081 T.
942 4047 969 4100 7.
986 4047 1015 4102 p.
1024 4037 1088 4102 492.
1109 4028 1146 4083 N.
1157 4029 1203 4083 2⁵.

378 4188 460 4274 425.
477 4228 537 4280 .···
565 4191 601 4261 T
594 4219 695 4264 omus
707 4196 846 4292 prtinus
869 4195 1152 4297 Paraphraseon
1167 4198 1215 4274 D.
1234 4201 1384 4300 Erasnn'
1398 4199 1647 4283 Boterodami,
1676 4196 1716 4270 in
1736 4218 1884 4283 novum

281 4299 563 4392 testamentum,
592 4306 769 4384 videlicet
788 4310 827 4385 in
853 4329 1019 4421 quatuor
1042 4315 1265 4416 Evangelia,
1294 4337 1333 4393 et
1353 4314 1763 4417 Acta'Apostolorum',
1791 4320 1884 4416 qua·

280 4447 367 4528 rum
384 4422 486 4496 bona
504 4450 593 4525 pars
609 4451 710 4501 nunc
726 4455 859 4505 recens
879 4448 968 4507 nata
984 4437 1057 4520 est,
1080 4460 1214 4508 omnes
1233 4435 1280 4508 ab
1306 4435 1386 4536 ipso
1416 4451 1549 4521 autore
1574 4461 1653 4525 non
1681 4430 1882 4505 oscitanter

273 4540 506 4642 {recognitae
533 4541 846 4649 inflgn.'1'ypogr.
863 4548 1344 4648 FrobeniiBasz'leaeAnno
1366 4554 1417 4625 M.
1429 4551 1478 4625 D.
1489 4551 1637 4626 XXIV.
1658 4539 1745 4622 cum
1764 4544 1882 4645 privi-

274 4657 376 4757 legio
398 4660 641 4737 Caesareo-
663 4665 824 4757 Haecin
850 4668 987 4760 fronte.
1009 4669 1262 4768 -Sequitur
1284 4668 1446 4768 Epistola
1470 4665 1620 4764 Erasmz'
1648 4660 1886 4757 Iloterodamq‘

279 4776 326 4850 ad
350 4779 515 4854 Carolum
537 4782 576 4860 V.
600 4769 887 4887 Imperatorem.
914 4787 978 4861 iol.
1002 4815 1030 4861 1.
1058 4785 1096 4861 in
1116 4784 1364 4884 Evangelium
1386 4782 1546 4860 Matthei
1573 4772 1810 4876 Parapllrolls
1831 4814 1880 4831 -
