4320 5700
267 598 316 669 28
681 618 921 678 caratocus
947 618 1321 679 ntruoamrrucus
1346 620 1468 678 unu.

370 793 426 888 73.
438 834 483 849 -
503 795 626 868 Aurea
646 797 835 894 Postilatrb
854 797 1001 872 Albani
1014 799 1150 898 Magni
1162 801 1201 873 in
1219 799 1474 902 Apocalypsin
1485 841 1535 857 -
1557 798 1620 871 sol.
1641 824 1674 872 2.
1695 801 1885 897 praelatio

276 951 317 965 -
336 910 484 985 Tabula
510 912 636 987 fratris
659 916 845 988 Bemordi
866 916 912 990 de
941 918 975 989 la
1001 918 1250 1017 luzemburgo
1275 919 1315 992 in
1336 944 1492 993 auream
1515 918 1614 992 hanc
1633 917 1828 992 Postillam
1841 961 1884 978 ·—

272 1028 335 1101 sol.
356 1029 388 1102 6.
407 1029 593 1129 Prologus
621 1033 698 1106 divi
716 1035 863 1107 Alberti
874 1036 1065 1132 Magni-
1086 1037 1150 1109 sol.
1170 1036 1307 1111 eodem
1324 1037 1359 1110 b.
1377 1037 1564 1135 Prologus
1584 1035 1742 1108 Gilberti
1755 1078 1803 1092 -
1822 1037 1884 1111 sol

279 1172 332 1218 ro.
360 1147 667 1249 Apocalypsts-
687 1151 750 1225 sol.
786 1152 864 1226 135.
892 1153 946 1224 lin
979 1179 1032 1252 19.
1058 1153 1143 1227 sartis
1170 1154 1282 1228 huius
1307 1181 1443 1229 aureae
1463 1153 1724 1256 postillationis
1743 1153 1892 1228 Alberti

274 1264 430 1362 Magni'
421 1292 459 1339 rn
477 1267 747 1367 Apocalypslm
760 1295 832 1368 per
851 1269 1070 1367 Magistrum
1088 1271 1261 1345 Jacobum
1282 1301 1304 1346 a
1320 1272 1507 1370 Psorzen
1498 1299 1537 1346 ιη
1549 1269 1700 1369 Basilea
1717 1273 1888 1346 elabora-

274 1400 321 1458 te.
349 1385 535 1459 Milestmo
564 1386 863 1487 quingentesimo
892 1387 1007 1461 sexto.
1035 1388 1121 1462 Deo
1147 1390 1295 1488 gratias.
1323 1390 1434 1465 Char.
1461 1389 1564 1490 goth.
1591 1407 1705 1465 notae
1726 1390 1890 1489 margin

278 1502 353 1577 soll.
376 1503 454 1577 135.
477 1502 539 1576 lin.
559 1510 617 1592 44.
637 1511 670 1593 4
698 1532 747 1579 ex
767 1529 807 1578 co
809 1506 977 1579 llectione
994 1506 1233 1581 Herbiziana.

469 1665 553 1719 Pana
554 1665 697 1719 uirusaA
659 1661 1197 1742 nrt.o....1..1.lTypng6p80N4

370 1852 743 1947 74.—Decretal1i1m
764 1853 924 1927 Domini
941 1854 1068 1954 Papae
1082 1854 1356 1954 Gregoni'noni
1375 1851 1522 1928 libellus
1543 1869 1718 1930 accurata
1731 1852 1893 1953 diligen·

275 1970 326 2044 tia
343 1970 565 2046 emendatus
587 1970 813 2073 summoque
830 1973 948 2047 lludio
971 1974 1184 2048 elaboratus
1204 1999 1292 2046 cum
1313 1971 1586 2071 multiplicibus
1612 1970 1751 2045 tabulis
1772 1989 1811 2045 et
1831 1998 1893 2069 re-

274 2087 455 2188 pertoriis
477 2090 523 2163 ad
539 2091 716 2165 materias
737 2118 983 2191 quascunque
1002 2091 1204 2188 diligenter
1225 2091 1470 2165 inveniendas
1490 2082 1696 2188 aptissimis.
1714 2132 1766 2146 -
1782 2090 1891 2163 Haec

274 2206 315 2281 in
331 2192 456 2282 fronte
475 2238 524 2260 -·
541 2208 605 2282 sol.
627 2208 710 2283 eod.
730 2209 858 2308 operis
887 2208 1021 2281 brevis·
1048 2210 1320 2282 commentatio
1336 2251 1386 2264 —
1404 2207 1639 2281 Rubrica'-
1658 2207 1723 2280 sol.
1747 2234 1780 2282 r.
1805 2206 1894 2304 fign.

275 2324 560 2398 Prohaemium.
584 2324 647 2398 sol.
669 2326 750 2398 318.
775 2324 1111 2423 praeclarissimum
1132 2327 1380 2400 decretalium
1402 2353 1500 2423 opus
1524 2326 1700 2422 Lugduni
1714 2323 1897 2424 nuperri-

278 2468 341 2516 me
365 2441 584 2542 imprellum
603 2468 673 2542 per
698 2441 874 2517 solertem
899 2442 1027 2516 virum
1047 2442 1220 2517 Jacobum
1244 2446 1360 2517 Saron
1379 2442 1707 2543 pedemontanum
1734 2442 1853 2514 Anno
1874 2469 1897 2516 a

274 2575 390 2661 partu
410 2558 569 2660 virginis
589 2560 788 2635 Millestmo
807 2561 1110 2663 quingentesimo
1124 2560 1229 2635 sexto
1250 2561 1309 2635 die
1326 2560 1431 2634 sexto
1450 2560 1585 2634 menfis
1605 2558 1805 2634 Februarii
1826 2574 1897 2632 etc

276 2679 492 2780 Registrum
514 2679 653 2779 insigne
670 2680 842 2779 Typogr.
861 2683 895 2755 J.
917 2681 954 2755 S.
975 2680 1123 2756 Tabula
1140 2681 1316 2753 ludovici
1328 2680 1536 2777 Bologniru'
1553 2720 1597 2735 -
1618 2676 1748 2752 versus
1768 2692 1809 2750 et
1826 2677 1898 2750 Ca-

275 2798 398 2899 pitula
415 2797 662 2873 decretalium
675 2797 738 2871 fol.
757 2798 813 2871 31.
833 2788 912 2873 non
930 2798 1077 2896 fign-
1095 2798 1207 2872 Char.
1226 2798 1345 2897 gotth.
1363 2795 1497 2897 glossae
1519 2821 1636 2895 marg.
1654 2794 1731 2870 soll.
1753 2795 1837 2894 349.
1857 2793 1898 2869 in

275 2930 359 2992 toto
382 2915 445 2990 lin.
456 2918 513 2990 80.
534 2915 595 2990 sol.
613 2942 689 3014 reg.
1654 2971 1657 2975 -

469 3077 598 3133 Panaeti
614 3073 719 3130 Annul.
730 3074 871 3148 *Typogn
891 3074 925 3128 Τ.
936 3095 962 3147 7.
982 3092 1011 3149 p.
1022 3069 1083 3147 284.
1104 3072 1141 3127 N.
1152 3085 1197 3147 74.

378 3263 495 3359 75.-
514 3262 642 3358 Casiis,
660 3263 699 3337 in
719 3261 857 3364 quibus
887 3260 1001 3336 index
1021 3260 1195 3337 secularis
1222 3265 1342 3363 potest
1367 3289 1501 3337 manus
1522 3264 1562 3336 in
1581 3260 1760 3363 personas
1783 3262 1893 3336 cleri-

163 3368 185 3379 ”
279 3407 414 3456 corum
434 3380 508 3452 stne
526 3395 632 3454 metu
650 3380 1235 3478 excomunicationisimponere
1255 3423 1305 3437 -
1324 3380 1370 3454 de
1381 3381 1590 3481 privilegiis
1613 3380 1897 3454 clericorum-

282 3499 328 3572 de
348 3496 701 3596 exceptionibus-
728 3496 774 3570 de
794 3497 1074 3570 carceribus-
1094 3498 1140 3570 de
1163 3497 1414 3571 alimentis-
1432 3500 1537 3573 Haec
1564 3498 1603 3571 in
1625 3498 1750 3572 sronte
1767 3497 1888 3570 -fot

282 3616 418 3692 codem
440 3613 564 3713 imago
582 3616 623 3688 B.
641 3614 812 3714 Virginis
831 3615 1032 3689 Marzbe-
1050 3616 1112 3690 fol.
1136 3644 1157 3688 2
1177 3614 1365 3714 incipiunt
1384 3614 1486 3690 casus
1504 3617 1567 3690 fol.
1590 3617 1648 3690 31.
1668 3616 1730 3688 lin.
1752 3615 1810 3688 26.
1824 3640 1890 3689 ex-

282 3734 391 3835 plicit
415 3748 597 3808 tractatus
614 3732 660 3807 dc
680 3732 868 3807 alimentis
892 3733 1014 3812 editus
1034 3760 1104 3836 per
1130 3733 1344 3808 Dominum
1371 3734 1588 3808 Bartholum
1609 3735 1736 3833 legum
1759 3733 1891 3806 docto-

282 3879 366 3929 rem
387 3853 561 3926 Coloniae
583 3849 779 3950 impressus
798 3878 868 3950 per
882 3878 944 3926 me
958 3854 1165 3952 labdonem
1182 3853 1336 3924 Londeo
1354 3869 1659 3926 commorantem
1672 3851 1769 3925 insra
1780 3850 1887 3922 XVl.

283 3972 430 4047 domos.
458 3972 574 4046 Anno
595 3969 864 4045 incarnationis
886 3971 1091 4045 Dominice
1108 3970 1386 4065 MCCCCCVl.
1411 3970 1479 4042 Xl.
1502 3969 1563 4044 die
1582 3967 1813 4045 Novembris
1831 3968 1865 4041 8.

476 4131 606 4187 Panzeri
618 4129 723 4187 Annal.
743 4131 874 4207 Typogr.
896 4132 931 4190 Τ.
944 4085 970 4186 d.
989 4150 1018 4207 p.
1029 4130 1093 4198 ³60.
1111 4131 1149 4186 N.
1161 4123 1221 4185 118.

384 4322 655 4418 76.-1nh0c
683 4325 793 4398 Codri
810 4321 988 4396 volumine
1013 4319 1108 4393 haec
1135 4317 1399 4390 continentur:
1424 4317 1629 4393 Orationes
1658 4315 1722 4392 seu
1749 4315 1892 4391 sermo·

285 4466 354 4515 nes
367 4485 415 4499 -
432 4441 616 4542 Epistolae
633 4485 681 4500 -
704 4441 842 4541 Sylvae
858 4483 907 4497 —-
926 4439 1085 4538 Satyrae
1107 4477 1153 4491 —
1170 4435 1336 4533 Eglogae
1355 4477 1402 4491 -·
1419 4436 1772 4536 Epigrammata-
1787 4434 1894 4510 Haec

289 4560 328 4632 in
345 4560 471 4635 fronte
489 4561 552 4635 sol.
573 4561 656 4636 eod.
678 4557 845 4658 Philippi
855 4557 1034 4629 Beroaldi
1043 4552 1205 4652 junioris
1222 4552 1384 4652 Epistola
1404 4553 1448 4629 ad
1466 4554 1551 4629 Aut.
1571 4557 1783 4628 Galeaczitm
1797 4553 1892 4628 Pro·

286 4695 366 4754 not.
384 4680 510 4780 Apoll.
522 4724 565 4736 -
582 4679 646 4751 fol.
664 4674 787 4749 sermo
804 4672 1011 4772 primus-
1025 4670 1087 4743 sol.
1108 4697 1163 4767 72.
1183 4671 1245 4744 lin.
1269 4670 1325 4777 36.
1347 4698 1444 4772 opus
1467 4675 1577 4746 Codri
1593 4673 1811 4773 impressum
1829 4672 1892 4744 Ve-

288 4802 397 4873 neui's
420 4797 599 4873 mandato
629 4809 667 4870 et
695 4790 869 4893 impensis
898 4789 1000 4863 Petri
1019 4786 1272 4892 Licdtensteyn
1302 4789 1534 4867 Colonienfis
1555 4790 1749 4870 Germani.
1775 4790 1891 4863 Anno
