4320 5700
672 617 917 708 penemeos
943 615 1319 676 Btnnocneemctts
1345 613 1502 678 tanxnt.
1847 608 1892 705 73

284 833 379 883 cern.
392 845 440 863 -
460 804 646 907 Aphn‘cae
660 792 811 878 tabulae
829 800 1080 897 Quattuor-
1099 799 1212 898 Asiae
1228 798 1604 876 tabulaeDuodecim
1622 840 1671 859 -
1685 802 1744 876 Est
1760 819 1797 880 et
1814 832 1892 883 una

284 925 458 1027 corporis
476 923 650 1024 Spherici
668 922 709 996 in
724 910 838 1022 plano
854 919 960 992 iuxta
978 919 1105 992 finem.
1120 942 1151 1015 7.
1170 918 1233 990 lin.
1251 961 1296 977 -·
1313 918 1404 992 Pars
1424 918 1583 995 secunda
1600 920 1893 1001 moderniorum

280 1045 544 1118 lustrationum
566 1040 698 1140 viginti
715 1037 854 1113 tabulis
877 1036 996 1111 veluti
1012 1034 1320 1135 supplementum
1337 1036 1533 1136 quoddam
1559 1041 1794 1141 antiquitatis
1823 1048 1890 1119 ob·

280 1161 436 1246 soletae,
454 1158 520 1233 luo
537 1159 621 1232 loco
639 1183 736 1258 quae
750 1155 811 1230 vel
830 1151 1007 1238 abstrusa,
1026 1154 1086 1228 vel
1106 1154 1505 1230 erroneavidebantur
1521 1157 1778 1263 resolutillime
1796 1192 1889 1264 pan-

281 1279 349 1354 dit.
364 1322 414 1337 -
434 1277 596 1351 Adnexo
612 1274 658 1350 ad
677 1275 794 1348 finem
814 1287 977 1347 tractatu
996 1269 1099 1346 ficuti
1123 1272 1224 1346 lectu
1246 1272 1530 1361 iucundillimo,
1557 1275 1609 1350 ita
1638 1295 1676 1353 et
1697 1281 1889 1357 utilillimo

282 1396 328 1471 de
344 1394 459 1471 variis
479 1394 651 1468 moribus
672 1409 710 1467 et
727 1391 863 1465 ritibus
883 1388 1071 1489 gentium:
1102 1389 1391 1491 eorundemque
1414 1418 1456 1467 ac
1481 1391 1660 1470 localium
1686 1399 1890 1478 nominum

282 1513 504 1614 originibus.
520 1554 570 1569 -
589 1510 723 1584 Brevis
746 1507 982 1584 continentia
996 1507 1116 1580 Libri.
1127 1550 1177 1566 -

476 1627 649 1730 Oppida,
668 1653 800 1727 regna,
816 1626 938 1714 lacus,
953 1641 1126 1715 montes,
1147 1644 1186 1701 et
1205 1654 1389 1728 aequora,
1409 1628 1532 1734 filyas,

567 1748 626 1821 Ac
640 1746 844 1820 hominum
864 1770 991 1819 mores
1007 1744 1071 1818 hic
1086 1743 1315 1820 Ptolemaeus
1336 1747 1461 1823 habet.
1810 1822 1811 1825 ,

279 1908 329 1927 -
342 1892 429 1942 cum
449 1865 571 1965 gratia
584 1881 622 1940 et
641 1861 843 1966 privilegio
864 1861 1055 1963 Imperiali
1082 1890 1154 1963 per
1176 1880 1342 1965 quatuor
1366 1892 1495 1942 annos.
1515 1911 1565 1926 -
1591 1871 1696 1948 Haec
1720 1873 1760 1949 in
1784 1877 1891 1952 fron·

277 2003 316 2061 te
332 1983 465 2066 ·—„fol.
484 1983 566 2059 eod.
589 2011 622 2056 2.
648 1982 810 2084 Epistola
826 1981 930 2055 Ioan.
950 1982 1076 2054 Franc.
1096 1981 1181 2055 Pici
1196 1983 1429 2058 lllz'randulae
1449 1969 1601 2064 comitis
1622 1991 1670 2069 ad
1689 1992 1763 2068 Iac.
1780 1996 1895 2070 Ezler

277 2105 313 2180 J.
328 2104 377 2179 D.
395 2146 442 2162 -
461 2102 526 2176 lol.
543 2129 577 2176 a.
599 2100 787 2176 dedicatio
806 2099 852 2175 ad
867 2099 1010 2175 Caesar.
1031 2099 1344 2176 Maez‘rm'lranum.
1365 2092 1430 2176 lol.
1450 2132 1480 2178 1.
1499 2103 1585 2205 fign.
1608 2112 1757 2186 Claudii
1771 2105 1892 2190 Ptolo-

277 2224 380 2294 maei
395 2201 662 2320 Geographiae
679 2218 775 2292 liber
793 2218 940 2317 primus
962 2264 1006 2278 -
1022 2216 1086 2292 fol.
1102 2219 1161 2292 60.
1180 2218 1244 2292 lin.
1265 2220 1323 2308 48.
1345 2221 1493 2325 Claudii
1505 2223 1713 2303 Ptolomaei
1720 2231 1792 2306 viri
1803 2235 1892 2310 Ale-

278 2338 453 2426 xandrini
471 2336 738 2438 Geographiae
760 2334 846 2408 libri
869 2351 956 2409 octo
981 2335 1119 2410 finiunt
1139 2351 1257 2435 Τελόρ.
1280 2336 1344 2412 fol.
1362 2339 1444 2413 eod.
1466 2338 1500 2414 b.
1520 2341 1710 2455 incipiunt
1728 2350 1891 2450 registra.

276 2456 342 2531 lol.
361 2464 417 2556 74.
439 2457 475 2531 b.
494 2482 574 2530 non
594 2454 681 2554 fign.
697 2453 760 2528 lin.
781 2456 840 2551 57.
862 2453 977 2528 Anno
999 2453 1135 2528 Christi
1156 2454 1248 2554 Opt.
1269 2455 1370 2530 Max.
1392 2456 1445 2531 M.
1456 2458 1505 2533 D.
1515 2459 1621 2535 Xlll.
1649 2465 1785 2541 Marcii
1803 2469 1891 2550 ΧΗ.

138 2629 146 2635 ‚
278 2573 427 2649 Prellus
449 2574 514 2648 hic
537 2572 765 2648 Ptolemaeus
787 2571 1015 2672 Argentahae
1033 2571 1309 2671 vigilantillima
1338 2575 1602 2676 castigatione,
1637 2581 1892 2689 induliriaque

280 2693 436 2766 loannis
454 2688 594 2764 schotti
608 2689 714 2767 urbis
736 2690 947 2790 indigenae.
975 2691 1172 2789 Regnante
1189 2690 1455 2801 Maximiltanp
1476 2696 1631 2774 Caesare
1650 2698 1800 2804 semper
1810 2709 1892 2783 Au·

277 2814 392 2909 gusto.
414 2850 460 2867 -
488 2807 553 2882 fol.
573 2809 629 2906 75.
651 2808 800 2883 tabulae
825 2806 1100 2907 geographicae
1121 2807 1254 2907 viginti
1280 2808 1424 2910 septem
1441 2854 1488 2871 —
1510 2814 1572 2889 tot.
1599 2845 1676 2894 122.
1704 2848 1784 2899 non
1803 2824 1890 2926 fign.

276 2926 411 3029 incipit
430 2925 631 3027 deleriptio
649 2927 824 3016 locorum
843 2951 885 3000 ac
909 2923 1142 2999 mirabilium
1167 2926 1213 3000 de
1234 2927 1325 3002 locis
1345 2956 1388 3003 ac
1413 2931 1651 3010 mirabilibus
1675 2943 1819 3018 mundi.
1841 2985 1892 3004 -

274 3047 361 3122 finit
379 3061 418 3120 et
437 3046 531 3120 haec
550 3044 614 3118 fol.
638 3043 716 3118 130.
737 3043 800 3118 lin.
819 3043 877 3144 39.
899 3042 946 3117 fic
963 3041 1026 3118 ille
1045 3042 1144 3143 ignis
1161 3044 1356 3144 gehennae
1377 3046 1425 3121 ad
1448 3052 1698 3130 cruciandum
1725 3086 1893 3162 corpora
1927 3107 1931 3140 ς

276 3166 546 3238 damnatorum
561 3162 677 3237 linem
692 3183 891 3263 nunquam
910 3159 1108 3236 habiturus
1126 3166 1184 3235 est.
1203 3162 1314 3236 Char.
1341 3190 1438 3238 rom.
1458 3170 1587 3267 grand.
1607 3190 1644 3249 et
1663 3172 1804 3275 splend.
1824 3180 1890 3258 fot.

277 3283 336 3355 60.
353 3279 440 3381 fign.
457 3280 498 3353 in
517 3294 601 3352 toto
624 3279 702 3351 130.
720 3303 809 3351 cum
828 3275 951 3351 mallis
969 3278 1244 3377 geographicis.
1258 3279 1321 3353 lin.
1338 3282 1396 3355 66.
1414 3282 1479 3357 fol.
1495 3287 1587 3388 Reg.

470 3419 602 3475 Panaeti
618 3415 725 3471 Annal.
744 3417 877 3491 Typogr.
904 3417 939 3471 T.
949 3415 976 3472 δ’.
1000 3436 1030 3491 p.
1040 3416 1084 3471 60.
1103 3417 1141 3472 N.
1151 3411 1215 3473 283.
1239 3420 1315 3474 Delo
1337 3422 1458 3478 Valiere.
1475 3427 1538 3482 vol.
1556 3429 1584 3489 3.
1608 3451 1638 3506 p.
1656 3451 1712 3490 ρος
1730 3437 1890 3499 ‚ditionem

565 3500 654 3564 huius
668 3507 899 3583 praeliantiffimi
915 3509 1012 3584 operit
1027 3507 1063 3562 ab
1080 3511 1164 3564 Anno
1183 3505 1262 3584 1482.
1278 3512 1311 3566 in
1328 3513 1440 3570 volum.
1460 3538 1484 3572 1.
1503 3521 1561 3575 mei
1578 3521 1715 3602 Catalogi
1732 3531 1781 3586 sub
1794 3534 1830 3589 N.
1843 3537 1889 3600 32,

565 3603 626 3657 im
641 3599 783 3666 exhibui,
799 3601 849 3655 cui
866 3615 963 3656 tamen
979 3599 1051 3656 haec
1064 3599 1312 3678 obpracstautiarn
1331 3604 1522 3677 characteris,
1541 3611 1722 3687 tabularum,
1737 3624 1890 3682 etclrartac

562 3693 652 3770 longe
667 3692 854 3770 pracferenda
870 3691 925 3759 ell3
945 3693 978 3747 in
990 3693 1123 3760 Fabricii
1131 3694 1316 3751 Bibliotheca
1330 3716 1435 3770 graeca
1452 3707 1664 3784 curaHarlfii
1672 3711 1732 3768 vol.
1742 3716 1769 3771 5.
1787 3731 1888 3793 pan.

540 3819 542 3825 ·
564 3805 664 3846 omnes
677 3785 888 3865 propemodum
905 3784 993 3842 huius
1012 3786 1107 3863 operis
1122 3786 1263 3878 editiones
1279 3791 1468 3850 recensentur.

949 3955 1002 4030 M.
1032 3955 1081 4030 D.
1106 3955 1213 4030 XIV.

371 4095 652 4194 ara-Erasmi
662 4095 899 4170 Roterodami
910 4094 956 4169 de
967 4094 1115 4171 ratione
1133 4095 1261 4182 studii,
1282 4124 1324 4171 ac
1346 4100 1516 4199 legendi,
1532 4104 1885 4221 interpretandique

274 4231 449 4292 auctores
465 4215 613 4300 libellus
632 4211 1020 4289 aureus-Officium
1039 4212 1310 4313 discipulorum
1330 4244 1376 4290 ex
1391 4220 1639 4316 Quintiliano.
1663 4229 1739 4327 Qui
1756 4237 1885 4334 primo

274 4331 443 4435 legendi,
462 4358 510 4407 ex
524 4331 867 4406 eodem-Concio
880 4331 926 4406 de
940 4356 1063 4431 puero
1076 4331 1155 4428 Iesu
1167 4329 1209 4404 in'
1217 4332 1356 4409 Schola
1365 4336 1535 4419 Coletica
1543 4341 1709 4423 Londrni
1722 4351 1887 4433 instituta

271 4449 562 4554 pronuncianda
581 4491 629 4506 -
646 4449 903 4551 Expostulatio
925 4447 1004 4546 Iefit
1021 4448 1069 4524 ad
1088 4452 1268 4526 mortales
1286 4495 1336 4511 -
1361 4454 1539 4536 Carmina
1555 4463 1752 4545 Scholaria
1764 4517 1810 4532 -
1827 4479 1884 4548 Ex

271 4570 537 4671 recognitione
569 4559 739 4645 Antoris.
779 4569 872 4644 dum
910 4566 1039 4643 Mense
1076 4569 1244 4668 Augusto
1278 4572 1507 4672 Argentinaa
1540 4583 1720 4684 degeret,
1767 4592 1883 4664 Anno

271 4689 486 4766 M.D.XIV.
504 4687 569 4764 fot.
587 4688 671 4766 eod
689 4687 724 4762 b.
744 4687 920 4763 Eiusdem
940 4686 1105 4788 Epistola
1119 4687 1167 4762 ad
1188 4687 1330 4765 Petrum
1347 4695 1581 4775 latentia,
1599 4701 1663 4778 fol.
1680 4705 1736 4776 23.
1766 4707 1802 4779 b.
1820 4709 1882 4785 lin.

277 4809 330 4884 15.
351 4807 447 4882 finis.
474 4808 716 4909 Argentorati
740 4832 787 4885 ex
813 4805 971 4884 aedibus
1002 4806 1171 4882 lllatht'ae
1200 4808 1387 4885 Salaterai
1410 4814 1538 4891 menie
1569 4819 1739 4918 Augusto
1767 4825 1882 4904 Anno

330 4927 404 5002 Vol.
421 4927 472 5003 II.
1560 4933 1596 5008 K
