4320 5700
266 621 339 709 246
759 634 927 693 turtur
952 632 1366 693 srsruutrrctra

268 815 515 878 Haereiiarchae
531 832 720 901 quatuor·
738 818 844 903 deque
862 832 975 879 eorum
992 815 1135 878 historia.
1156 830 1190 897 4.

269 919 476 1006 Hewperber
493 923 632 997 (Math.)
653 921 890 1009 Beschreibung
906 920 964 983 der
976 919 1216 1005 Heiligthiimer
1231 920 1265 981 in
1280 918 1338 981 der
1356 917 1405 979 St.
1420 910 1695 1002 Stephanaltirche
1709 934 1753 976 zu
1760 912 1874 975 Wi'eu.

363 1061 405 1075 -
422 1028 522 1088 Wien
544 1031 634 1106 1514.
657 1040 688 1107 4.

266 1127 429 1213 Huigonis
444 1132 660 1216 repertorium
678 1130 865 1193 statutorum
883 1128 1008 1192 ordinis
1022 1127 1261 1190 Cartltusienfit.
1281 1124 1423 1189 naticae
1443 1128 1534 1191 1510.
1557 1124 1582 1186 s.

267 1230 407 1294 liidorua
424 1233 464 1294 de
481 1233 575 1296 sectis
594 1250 627 1297 et
642 1235 827 1297 nominibus
839 1234 1089 1297 haereticorum.
1105 1232 1234 1313 Rana.

266 1334 433 1399 Juiiiniani
452 1338 641 1413 (Leonardi)
661 1339 729 1401 vita
748 1338 781 1399 S.
799 1339 943 1401 Nicolai.
961 1339 1007 1400 N.
1025 1351 1056 1398 2.

266 1439 389 1501 Leonis
405 1440 447 1501 X.
464 1440 557 1503 Pont.
577 1442 669 1503 Bulla
689 1457 800 1503 contra
818 1462 943 1504 errores
961 1443 1012 1502 Μ.
1033 1440 1181 1504 Lutheri.
1208 1440 1333 1503 Romae
1354 1442 1446 1503 1520.
1468 1452 1499 1518 4.

267 1543 543 1629 Martyrologium
561 1544 650 1608 viola
667 1545 869 1605 Sanctorum.
891 1544 1025 1628 Argent.
1048 1543 1138 1605 1516.
1161 1556 1193 1623 4.
1298 1618 1303 1629 ι

264 1645 436 1708 Natalibus
457 1648 557 1722 (Petri
578 1648 632 1722 de)
653 1644 829 1734 Catalogus
845 1648 1047 1710 Sanctorum.
1069 1647 1204 1734 Argent.
1226 1646 1315 1711 1513.
1339 1644 1488 1733 Lugduni
1510 1646 1602 1723 1514.
1625 1644 1653 1703 s.

267 1750 395 1812 Statuta
411 1749 589 1813 dioceseos.
607 1750 818 1838 Augustauae.
840 1751 923 1838 Aug.
945 1755 1034 1817 1506»

269 1853 403 1938 sulpitii
424 1853 565 1929 (Seven.)
586 1854 624 1921 de
644 1855 854 1929 translatione
871 1857 904 1918 S.
922 1854 1072 1918 Martini.
1094 1854 1139 1918 N.
1149 1868 1179 1918 2.

307 1991 351 2006 -
432 1992 476 2005 -
540 1957 686 2045 dialogus
702 1958 743 2021 tie
760 1959 921 2023 miraculis
940 1962 973 2022 S.
995 1960 1144 2023 Martini.
1167 1956 1212 2039 N.
1231 1969 1263 2020 2.

306 2094 350 2111 -
432 2096 475 2112 -
537 2062 807 2126 vitaS.Martini.
829 2063 915 2126 N.2.
1081 2054 1085 2061 ⁸

267 2164 495 2227 Trittenhemii
513 2167 637 2243 (Joan.)
654 2166 694 2228 de
711 2168 921 2255 scriptoribus
938 2166 1156 2232 ecclesiasticia
1170 2166 1379 2231 collectanea.
1402 2163 1525 2226 Parim.
1545 2160 1639 2225 1512.

270 2270 435 2356 voragine
453 2271 538 2345 (Jac.
557 2271 611 2347 de)
629 2270 826 2336 lombardica
842 2272 986 2335 historia.
1008 2271 1205 2358 Argentinae
1227 2269 1317 2353 1496.
1340 2270 1365 2330 s.

842 2436 1058 2499 HISTORIA
1079 2434 1297 2497 tuorum.

263 2559 435 2649 Aegesippi
450 2560 581 2625 historia
600 2562 741 2625 debello
758 2562 889 2645 judaico
899 2603 910 2640 ,
929 2561 1046 2649 sceptri
1063 2559 1264 2637 sublatione,
1281 2559 1480 2625 iudaeorum
1497 2552 1720 2644 disperfioue,
1737 2568 1771 2617 et
1789 2554 1881 2637 lipe-¹

446 2666 669 2728 rosolimitauo
686 2666 800 2727 exidio
819 2680 881 2728 etc.
902 2664 1024 2727 Parisiis
1044 2668 1134 2728 1511.
1156 2666 1184 2726 i.

263 2766 450 2829 Ammianus
466 2768 678 2831 Marcellinus
696 2789 714 2830 a
730 2768 935 2855 Mariangelo
955 2782 1122 2856 purgatur.
1144 2766 1408 2853 Augustae1533.
1432 2768 1457 2828 i.

260 2870 401 2934 Annales
421 2874 546 2958 Regum
563 2876 747 2935 francorum
762 2872 869 2960 Pipini
887 2870 1020 2951 Caroli,
1039 2872 1200 2936 Ludovici
1216 2872 1255 2934 ab
1276 2891 1358 2934 anno
1373 2869 1532 2955 741-88.
1555 2866 1602 2931 N.
1612 2870 1689 2952 590.

259 2974 402 3061 Appiani
419 2975 630 3039 Alexandrini
649 2975 689 3040 de
704 2974 798 3040 bellis
814 2978 1034 3039 Romanorum
1050 2976 1200 3041 civilibus
1214 2976 1289 3039 litui
1297 2976 1340 3039 V.
1363 2975 1512 3038 Venetiia
1536 2956 1630 3060 ¹i77·
1652 2976 1679 3034 t'.

262 3077 355 3140 Balbi
376 3079 543 3155 (Hieron.)
564 3084 670 3144 oratio
690 3082 723 3142 in
740 3094 904 3143 conventu
919 3078 1150 3144 Worrnatienii
1173 3083 1263 3143 1521.
1286 3094 1319 3162 4,.

262 3181 444 3247 Bartholini
464 3184 647 3261 (Richardi)
668 3185 708 3247 de
727 3198 891 3248 conventu
909 3184 1081 3269 augustensi
1100 3184 1285 3272 descriptio.
1309 3186 1346 3247 15
1352 3180 1400 3245 tsi.
1423 3181 1455 3246 si.

260 3283 379 3346 Blondi
400 3286 532 3361 (Flavii)
551 3287 590 3349 de
607 3290 711 3351 Roma
728 3288 946 3375 triumphante
963 3287 1019 3351 lib.
1036 3287 1160 3352 decern.
1182 3286 1330 3351 Venetiis
1353 3291 1442 3350 1:311.
1457 3286 1493 3373 ¹f.
1515 3284 1637 3349 Parifiit
1653 3286 1753 3349 1533.
1787 3286 1823 3349 8.
1861 3286 1864 3293 ’

260 3388 380 3450 Brandt
405 3390 552 3465 (Sebast.)
575 3390 614 3452 de
633 3392 876 3456 conversatione
892 3393 1052 3455 bonorum
1066 3412 1177 3478 regunt
1194 3406 1227 3455 et
1244 3390 1341 3454 laude
1362 3387 1792 3473 civitatitiiierosolymae‚
1814 3412 1891 3455 curn

396 3491 624 3554 exhortatione
642 3495 786 3556 eiusdem
805 3496 1057 3581 recuperandae.
1079 3494 1221 3558 Basileae
1244 3496 1335 3578 1495.
1359 3508 1390 3576 4.

264 3592 427 3659 Candidus
450 3594 514 3669 (P.)
536 3597 569 3654 in
587 3595 687 3659 libros
704 3598 855 3685 Appiani.
879 3599 1027 3659 Venetiis
1049 3611 1139 3683 1477.
1160 3602 1186 3660 f.

264 3699 375 3763 Caroli
392 3699 509 3786 Magni
529 3699 596 3759 vita
614 3714 647 3760 et
664 3699 759 3785 gesta.
783 3698 942 3763 Coloniae
955 3703 1045 3763 1521.
1067 3713 1100 3780 4.

262 3803 449 3867 Chronicon
467 3802 603 3865 Abbatis
622 3802 855 3891 Urspergenlia.
878 3803 963 3891 Aug.
987 3806 1077 3868 1515.
1099 3807 1126 3871 s.
1231 3816 1237 3823 '

262 3906 486 3971 Constantinus
503 3908 643 3993 Magnus
660 3910 679 3973 J
683 3929 778 3971 oann.
793 3909 955 3971 Reuchlin
972 3911 1161 4000 inteiprete.
1181 3910 1361 3997 Tubingae.
1391 3912 1483 3975 1513.
1506 3924 1538 3992 4.

263 4011 425 4076 Corvinus
441 4010 577 4075 Mesala.
601 4036 633 4077 v.
652 4012 802 4075 Valerius
817 4014 1029 4076 Marcelinus.

245 4088 368 4178 'canu
389 4119 463 4202 (Q.)
479 4096 611 4180 brunna
632 4117 671 4179 te
697 4118 812 4194 retu,
832 4117 1010 4180 atamen
1026 4119 1078 4180 ru.
1101 4118 1147 4179 N.
1163 4120 1237 4179 aaa.
1261 4110 1264 4115 ·

258 4220 442 4281 Emanuelia
459 4223 542 4307 Reg.
559 4221 724 4308 Portugal.
742 4221 876 4308 epistola
892 4222 932 4283 ad
949 4221 1080 4286 leonem
1097 4223 1141 4285 X.
1158 4222 1198 4285 de
1215 4223 1366 4303 victoriis¹
1381 4223 1413 4283 in
1428 4219 1532 4283 India.
1548 4218 1641 4282 naut.
1665 4221 1764 4285 2532.
1784 4226 1815 4285 f.

139 4382 143 4387 .
259 4322 439 4385 Fasciculus
458 4339 641 4411 temporum
659 4341 692 4388 et
708 4326 946 4390 chronicorum.
966 4324 1101 4411 Argent.
1126 4326 1216 4411 1487.
1234 4328 1260 4388 f.

260 4426 351 4490 Flori
368 4429 423 4503 (L)
444 4427 483 4488 de
505 4427 597 4513 gellia
613 4430 834 4493 Romanorum
849 4430 936 4493 libri.
956 4430 1049 4494 sialil.
1072 4430 1163 4494 1532.
1180 4432 1206 4491 s.
1252 4474 1257 4489 .

277 4568 321 4583 -
361 4567 405 4582 -
447 4533 600 4618 Epitome
621 4533 776 4597 decadum
794 4556 866 4596 cunr
885 4534 1036 4597 Sabellici
1053 4548 1199 4597 annotat.
1218 4533 1264 4596 N.
1286 4536 1356 4597 161.

260 4637 376 4699 Florus
396 4636 451 4712 (L)
470 4658 503 4696 v.
524 4635 610 4697 Livii
632 4640 788 4724 epitome.
808 4639 853 4700 N.
873 4643 947 4722 397.

258 4742 416 4803 Friderici
431 4740 496 4802 111.
513 4740 723 4826 Imperatoris
742 4757 775 4803 et
785 4742 967 4806 Eleonorae
986 4743 1131 4829 conjugis
1143 4741 1368 4830 desponsatio,
1387 4756 1420 4804 et
1438 4740 1666 4805 Maximiliani
1681 4744 1878 4829 generatio.

258 4845 453 4934 Gruenpecir
471 4846 570 4925 (Ios.)
590 4844 830 4933 Prognosticon.
847 4848 1058 4911 Ratisbonae.
1086 4848 1177 4910 1532.
1198 4864 1229 4930 4.
1880 4854 1884 4863 “
