4320 5700
360 553 422 610 xx
968 544 1369 644 .....)0(....

453 735 512 808 Ex
534 735 595 809 his
620 751 745 836 patet,
776 736 1053 839 Schoepflimum
1079 740 1144 841 30)
1172 738 1425 815 discordantes
1453 741 1710 815 litteratorum
1736 743 1969 843 opiniones,

356 855 422 995 qui
443 894 770 984 Harletnenfibue,
789 898 1045 1000 Mogtmtinis,
1068 917 1107 974 et
1124 900 1458 1000 Argentinenfihur
1475 901 1643 1001 origines
1660 902 1965 1002 typographicae

356 1051 549 1130 vindicare
568 1057 865 1145 contendebant,
881 1059 928 1135 ad
945 1060 1094 1161 apicem
1104 1060 1264 1159 justitiae
1285 1078 1324 1136 et
1342 1059 1543 1161 aequitatis
1562 1059 1793 1148 conciliasse,
1811 1087 1902 1136 cum
1915 1062 1959 1135 in

358 1213 617 1290 examinandis
633 1217 911 1319 typographiae
927 1217 1160 1318 originibus,
1178 1246 1227 1294 ne
1243 1220 1371 1295 verbis
1390 1221 1524 1295 frustra
1539 1190 1723 1307 certetur,
1742 1237 1820 1294 tres
1833 1219 1967 1296 diver·

357 1373 411 1449 las
432 1374 532 1449 inter
547 1373 584 1450 se
600 1373 809 1450 distinxerit
825 1391 943 1464 artes,
964 1378 1083 1454 veluti
1103 1405 1174 1481 per
1194 1379 1332 1478 gradus
1354 1396 1518 1456 exortae.

356 1982 637 2070 confirmantuquia
655 1986 687 2040 in
706 1983 811 2041 iisdem
829 1988 937 2042 mentio
957 1958 1167 2054 iactaiuerit,
1196 2007 1233 2042 an
1249 1987 1427 2060 Argentinoe
1445 1984 1494 2040 vel
1520 1985 1694 2063 Mogontiae
1720 2003 1810 2042 artem
1833 1984 1910 2040 hanc
1928 1984 1966 2039 il·

354 2095 472 2151 lustrem
488 2097 651 2158 inveneritt
668 2095 700 2152 id
718 2097 797 2171 quod
813 2098 1015 2173 probationem
1033 2100 1289 2156 adminiculantem
1306 2097 1517 2163 subministrat,
1536 2099 1611 2174 ipsos
1631 2101 1824 2175 Moguntinos
1835 2097 1963 2173 gloriam

354 2211 424 2266 artie
440 2213 577 2267 inventae
592 2231 652 2267 non
666 2211 717 2270 libi
733 2192 875 2269 exelufive
889 2211 1039 2269 vindicare
1056 2213 1187 2269 voluilfe.
1213 2231 1242 2269 r.
1265 2211 1396 2287 deutsche
1414 2212 1623 2288 Eutyclopiidr'e
1640 2231 1705 2271 voc.
1725 2209 1963 2284 Bucbdruoierey

363 2325 442 2398 tta
467 2345 498 2400 p.
512 2325 576 2380 521.

455 2564 552 2639 Nigro
568 2582 627 2619 non
651 2566 780 2620 contenti
804 2540 901 2622 eoloie
918 2566 1091 2641 Mogttntini
1108 2579 1164 2621 tres
1182 2565 1255 2622 alios
1281 2583 1383 2640 nempe
1398 2561 1535 2630 rubrum,
1554 2582 1731 2638 purpureum
1750 2578 1777 2618 et
1795 2559 1960 2618 caeruleum

355 2677 393 2733 ad
410 2677 624 2752 impreffionem
642 2677 851 2746 adhibuerunt,
879 2679 985 2753 quibus
1000 2678 1134 2735 omnibus
1152 2681 1185 2734 in
1202 2678 1338 2735 Psalterio
1367 2698 1390 2734 a.
1412 2677 1491 2751 1457.
1520 2647 1547 2731 et
1571 2678 1652 2753 1459.
1672 2678 1751 2752 typis
1773 2673 1898 2750 exprello
1918 2672 1960 2726 uli

355 2780 476 2848 luntsv.
496 2791 531 2846 de
545 2794 637 2848 Boze.
656 2794 742 2846 Tom-
753 2794 835 2852 XIV.
860 2791 907 2848 dee
925 2795 1082 2848 Me'mor'res
1100 2792 1152 2848 ἀεὶ*
1171 2791 1263 2847 Acod.
1290 2791 1339 2847 des
1362 2791 1551 2866 Inscriptions
1569 2809 1599 2864 p.
1616 2790 1681 2864 254.
1700 2788 1768 2863 [eqo.
1790 2803 1873 2862 atque
1890 2785 1965 2840 haec

357 2895 477 2964 inventa
492 2905 643 2964 eettissime
660 2905 708 2962 vel
723 2906 789 2962 Jot.
812 2877 1015 2981 Gutdenbergt'o
1031 2905 1184 2962 tribuenda
1204 2906 1287 3003 lunt,
1312 2905 1364 2980 qui
1388 2902 1492 2958 exinde
1507 2903 1664 2958 atramenti
1676 2898 1849 2976 impress'orii
1865 2917 1961 2971 repet·-

358 3035 404 3074 τοι·
421 3019 514 3074 dictus
531 3019 597 3078 fuit.
616 3017 719 3095 Polyd.
745 3019 871 3094 Vergilio
891 3017 944 3073 lib.
962 3033 988 3074 2.
1008 3019 1042 3073 de
1058 3038 1154 3074 return
1170 3004 1316 3077 inventor,
1335 3038 1360 3076 e.
1377 3038 1405 3092 7.
1430 3015 1507 3092 quod
1530 3014 1567 3068 ad
1582 3015 1628 3069 Jo.
1652 3014 1796 3089 Faustum
1812 3013 1861 3067 luo
1880 3028 1962 3064 more

224 3125 241 3144 ⁴
357 3131 499 3207 applicuit
516 3131 603 3187 huius
620 3149 741 3208 agnatus
755 3133 803 3189 Jo.
821 3131 903 3188 Frid.
922 3133 1049 3208 Faustus
1061 3130 1342 3206 Achaffenburgenlis
1359 3133 1401 3186 im
1410 3117 1549 3186 Dilcourr
1567 3144 1635 3183 vom
1655 3127 1806 3203 Uriprung
1823 3122 1965 3179 derDtu-

359 3242 465 3315 clterey
484 3244 563 3320 apud
579 3245 687 3300 Kb'hler
704 3245 922 3323 Eluenrettung
940 3247 1138 3323 Guttenbergs.
1160 3268 1190 3322 p.
1203 3265 1249 3323 po.
1261 3278 1296 3290 -

457 3464 543 3538 Quod
560 3464 674 3521 chartas
691 3468 810 3530 attinet,
836 3485 893 3541 qua
908 3466 949 3520 uh
964 3464 1072 3521 luerint
1090 3466 1281 3540 Guttenberg,
1301 3462 1429 3538 Faustus
1452 3479 1480 3518 et
1496 3461 1701 3537 Seltotsserus,
1720 3457 1791 3513 haee
1811 3457 1848 3511 atl
1857 3453 1961 3530 proba·

307 3585 310 3591 ’
359 3579 469 3633 tionem
488 3581 669 3636 inventionis
687 3582 757 3637 artie
773 3578 1004 3656 typographicae
1019 3578 1097 3634 nihil
1116 3579 1268 3643 conducit,
1294 3577 1474 3654 experientia
1492 3577 1570 3632 enirn
1596 3576 1711 3631 edoctus
1730 3570 1853 3646 (scribit
1870 3571 1963 3625 Meet-

360 3713 465 3749 monur
493 3693 577 3750 Toto.
594 3709 621 3748 2.
642 3713 671 3769 p.
684 3709 743 3750 102.
760 3715 790 3755 n,
806 3713 833 3754 a.
848 3694 900 3767 b.)
935 3709 1067 3749 veterum
1092 3692 1235 3748 librorum
1251 3688 1384 3767 pluribus
1408 3691 1485 3746 inter
1510 3691 1537 3745 le
1553 3689 1667 3746 collatis
1685 3685 1824 3763 exemplis
1850 3681 1963 3772 diversa

358 3828 418 3864 non
434 3826 593 3882 numquam
610 3807 643 3862 in
660 3805 761 3862 eodem
779 3805 856 3862 libro
875 3825 1023 3863 occurrere
1043 3807 1184 3884 inlignia;
1204 3807 1262 3861 lire
1279 3804 1359 3880 quod
1374 3823 1393 3859 a
1409 3803 1526 3860 (liveriis
1543 3802 1694 3859 chartariis
1704 3817 1853 3877 papyrum·
1863 3796 1965 3851 emerit

360 3923 579 4001 typographus,
604 3923 661 3979 five
680 3919 758 3996 quod
776 3919 910 3997 pluribus
932 3922 1018 3997 fignir
1038 3919 1115 3976 idem
1141 3918 1314 3996 quandoque
1338 3918 1405 3975 uiua
1429 3918 1517 3974 fuerit
1543 3916 1712 3972 chartarius.
1743 3916 1850 3969 Manca
1868 3910 1962 3985 igitur

360 4039 425 4094 lunt
443 4041 557 4103 omnia,
574 4057 647 4114 quae
660 4057 695 4092 ex
714 4037 800 4114 signis
818 4035 973 4093 chartaceis
988 4051 1125 4112 petuntur
1140 4049 1318 4110 argumenta,
1337 4047 1370 4087 ut
1386 4030 1460 4087 bene
1475 4049 1589 4107 quoque
1615 4028 1650 4084 de
1667 4031 1747 4084 Boze
1776 4029 1860 4081 Tom.
1882 4023 1965 4079 XIV.

361 4150 409 4206 der
429 4153 584 4207 Me'moires
603 4153 637 4209 dc
647 4151 830 4210 l'Acode'mie
845 4150 896 4208 des
907 4151 1039 4226 Inscript.
1055 4169 1085 4226 p.
1097 4148 1161 4210 266.
1181 4150 1259 4205 Dor.
1272 4150 1397 4205 Clamant
1411 4144 1548 4213 biblioth.
1568 4141 1698 4198 curicule
1711 4142 1798 4198 Tom.
1810 4139 1862 4200 tv.
1880 4157 1908 4213 p.
1919 4154 1963 4212 72.

362 4283 390 4322 et
406 4266 583 4323 Foumert'us
601 4264 716 4325 ditali.
731 4287 759 4342 p.
771 4262 817 4322 81.
836 4265 1025 4322 ostenderunt.

459 4508 510 4578 30)
529 4506 577 4561 Ex
603 4503 816 4577 disquisitione,
841 4522 928 4578 quam
944 4506 1004 4566 Iac,
1023 4507 1139 4562 Oberh'n
1153 4488 1204 4561 tub'
1221 4504 1307 4559 titulo
1326 4502 1404 4559 Effai
1419 4503 1573 4560 d'Annalee
1589 4505 1623 4561 de
1639 4505 1669 4560 la
1686 4505 1735 4561 vic
1757 4499 1792 4557 do
1807 4503 1880 4561 Jean
1894 4496 1964 4551 Gut-

361 4625 494 4707 tenbcrg,
512 4624 666 4678 inventeur
682 4620 717 4675 de
736 4619 764 4673 la
780 4618 975 4694 typographio
1000 4616 1080 4682 1801,
1107 4619 1215 4684 edidit,
1240 4617 1391 4674 clariffitne
1417 4618 1729 4694 demonstratumluit,
1761 4588 1962 4690 Guttenbergt'o

362 4743 561 4802 intentionem
576 4744 645 4801 artie
661 4741 768 4816 absque
785 4739 874 4799 dubio
891 4739 996 4802 deberi.
