4320 5700
270 573 342 657 242
550 631 555 639 .
777 588 944 652 INDEX
968 587 1377 651 SYSTENA'HGUd.

268 762 463 841 Bessarionis
485 770 613 851 (card.)
637 772 803 841 transsatio
820 777 895 840 libr.
914 768 1103 857 Metaphys.
1119 768 1312 835 Aristotelia.
1329 771 1374 835 N.
1393 784 1467 859 ⁹7¹·

271 865 457 933 Calliodori
479 874 624 953 (Senat.)
640 894 796 943 tractatur
810 882 852 944 de
868 876 986 939 anima.
1003 873 1147 953 Pborcae
1167 876 1259 962 1507.
1275 890 1306 955 4.

275 969 378 1034 Cusae
398 974 545 1054 (Nicol.)
568 979 607 1041 de
625 982 718 1068 apice
735 980 897 1042 theoriae.
913 979 972 1040 lib.
990 978 1034 1041 N.
1053 982 1127 1042 235.

316 1113 360 1128 -
401 1116 444 1130 ·-
488 1119 531 1133 -
574 1084 614 1146 de
632 1083 758 1166 beryllo
776 1084 833 1146 lib.
852 1083 896 1145 N.
915 1085 989 1145 235.

314 1217 357 1232 -
399 1219 443 1235 -
486 1222 529 1237 -
572 1187 612 1249 de
630 1188 707 1252 dato
724 1189 825 1276 patria
839 1186 1007 1249 luminum.
1025 1184 1082 1247 lib.
1102 1184 1146 1247 N.
1167 1184 1242 1249 235.

317 1321 360 1336 -·
400 1324 444 1339 -
485 1325 528 1341 -
572 1292 719 1379 dialogus
737 1290 965 1380 deposui-N.
983 1294 1055 1354 235·

275 1389 380 1452 Ficini
400 1395 569 1472 (Marsrlii)
589 1396 630 1458 de
649 1397 771 1483 triplici
788 1398 858 1461 vita
875 1409 1042 1458 tractatur.
1060 1393 1193 1478 Argent.
1218 1395 1308 1455 1511.
1328 1406 1359 1473 4.

169 1550 174 1557 .
272 1493 454 1561 Molenfelt
474 1500 609 1576 (Mart.)
630 1515 801 1564 comment.
822 1502 855 1561 in
871 1498 945 1561 libr.
964 1495 1151 1583 Metapbys.
1170 1493 1301 1557 Aristot.
1322 1493 1365 1557 N.
1384 1496 1458 1575 234.

276 1597 382 1685 Nipbi
400 1598 562 1688 (August.)
583 1602 666 1666 liber
684 1603 726 1666 de
745 1603 916 1666 intellectu
930 1616 964 1665 et
980 1600 1020 1663 de
1038 1598 1241 1662 demonibus.
1258 1598 1518 1691 Veneriin'rbod.
1536 1600 1562 1659 s.
1678 1670 1684 1675 ,
1733 1600 1738 1606 “

295 1738 339 1751 -
402 1740 443 1754 -
485 1740 528 1755 -
575 1706 679 1794 Supra
697 1722 761 1769 tres
779 1708 881 1770 libror
896 1703 1077 1769 Aristotelis
1094 1702 1137 1764 de
1158 1705 1272 1765 anima.
1288 1702 1437 1767 Veneriis
1456 1703 1548 1765 1503.
1564 1704 1591 1763 s.

281 1806 432 1869 Sabunde
451 1811 597 1890 (Raym.)
616 1809 787 1896 theologia
805 1809 971 1873 naturalis.
987 1807 1122 1896 Argent.
1140 1811 1230 1873 1501.
1248 1809 1274 1869 f.

278 1908 492 1996 Theophrasti
510 1914 801 2002 metaphysicoruur
819 1915 876 1976 lib.
906 1936 933 1976 r.
952 1913 996 1975 Ν.
1013 1925 1086 1993 271.

277 2011 393 2075 Vallae
411 2015 578 2102 (Georgii)
599 2017 639 2080 de
656 2017 863 2104 Physrologia
880 2016 956 2079 libri
973 2016 1034 2077 tv.
1050 2012 1095 2077 N.
1118 2016 1167 2077 16.

276 2114 373 2181 Vivis
392 2117 552 2197 (Valent.)
571 2123 774 2185 introductio
791 2122 832 2184 ad
847 2122 1047 2208 sapientiam.
1064 2118 1110 2182 N.
1128 2122 1201 2201 495.

277 2220 488 2285 Xenocrates'
496 2224 537 2286 de
555 2240 670 2288 morte.
690 2225 734 2290 N.
756 2228 808 2307 93.
826 2226 901 2287 253.
919 2229 993 2289 502.

962 2424 1212 2490 PHYSICA.

277 2637 408 2700 Alberti
427 2639 576 2726 (Magni)
598 2638 638 2701 de
659 2640 755 2703 coelo
776 2654 810 2703 et
825 2639 958 2704 mundo.
976 2638 1052 2700 libri
1069 2636 1131 2700 IV.
1149 2636 1301 2698 Veneriis
1320 2648 1412 2719 1490.
1429 2638 1455 2697 f.

288 2744 411 2831 Apiani
431 2740 548 2823 (Petri)
568 2742 806 2805 instrumentum
820 2744 918 2831 primi
934 2742 1076 2807 mobilia.
1095 2740 1249 2805 Norimb.
1271 2740 1363 2821 1554.
1377 2741 1405 2801 s.

285 2848 488 2935 Argyropyli
508 2849 632 2924 (loan.)
648 2846 722 2910 libri
740 2862 817 2912 octo
834 2846 1034 2934 physicorum
1049 2844 1242 2909 Aristotelis.
1260 2844 1418 2908 Viennae.
1437 2844 1472 2907 S.
1488 2842 1531 2907 A.
1549 2856 1582 2925 4.

284 2950 468 3013 Aristotelia
487 2951 606 3038 (Stag.)
625 2951 769 3015 acroasea
787 2950 949 3033 Physicae.
965 2951 1023 3013 lib.
1039 2950 1136 3012 VIII.
1152 2947 1313 3035 Angudae
1333 2948 1426 3011 1518.
1443 2950 1471 3010 s.

297 3091 369 3119 .-
428 3091 472 3106 -
529 3091 573 3106 -
615 3057 655 3118 de
677 3054 886 3141 longitudine
915 3066 949 3117 et
977 3055 1138 3120 brevitate
1160 3054 1250 3116 ritae
1275 3051 1336 3115 tib.
1369 3072 1441 3115 cum
1465 3064 1638 3117 comment.
1661 3050 1755 3117 Ioan.
1784 3052 1883 3119 Ecbii.

624 3158 757 3245 August.
777 3160 868 3222 1520.
891 3161 917 3221 f.

329 3296 372 3313 -
436 3298 479 3313 -
543 3299 587 3314 -
631 3264 672 3325 ae
686 3264 798 3327 somno
817 3280 851 3327 et
866 3243 981 3351 'rigon
997 3262 1092 3325 mer.
1110 3259 1240 3346 August.
1262 3260 1352 3325 1520.
1371 3260 1398 3321 r.

330 3400 374 3416 -
437 3400 481 3415 -
545 3401 588 3417 -
627 3366 702 3428 libri
718 3383 749 3449 4.
769 3369 809 3430 de
829 3366 937 3432 coelo·
951 3367 1036 3453 Aug.
1057 3370 1149 3447 1519.
1166 3377 1198 3444 4.

327 3503 369 3517 -
432 3500 475 3516 —
539 3502 581 3519 -
623 3471 863 3556 meteorologia
896 3471 1064 3538 aJacobo
1099 3468 1266 3533 Cochlaeo
1301 3466 1474 3554 explanata
1498 3460 1650 3533 Norinrb.
1692 3472 1786 3531 151⁹.
1814 3468 1894 3553 Aug.

646 3576 736 3656 1519.
756 3589 788 3653 4.

291 3674 486 3737 Bessarionin
504 3670 632 3750 (Card.)
651 3688 745 3735 tract.
766 3674 935 3737 denatura
953 3691 987 3737 et
1005 3690 1072 3736 arte
1092 3674 1215 3736 advers.
1236 3675 1499 3764 Trapezuntium.
1515 3672 1561 3737 N.
1578 3688 1650 3759 ῆι.

290 3776 532 3867 Compendiosa
550 3778 666 3866 capitia
679 3776 801 3865 physici
822 3778 1009 3842 declaratio.
1027 3778 1152 3867 Lipsiae
1172 3781 1264 3843 1510.
1282 3783 1307 3841 f.

295 3881 534 3973 Compendium
549 3881 779 3970 philosophiae
796 3881 951 3946 naturalis
967 3884 1090 3970 Lipsiae
1101 3886 1194 3947 1510.
1204 3884 1231 3944 s.

294 3987 397 4051 Cusae
420 3987 561 4064 (Nicol.)
581 3986 711 4050 Idiotae
726 3987 801 4049 libri
818 4003 967 4074 quatuor.
987 3986 1029 4049 N.
1050 3989 1123 4049 235.

287 4091 446 4178 Indagine
466 4093 549 4171 (Jo.)
571 4090 794 4155 Chiromantia
811 4091 1054 4179 physiognomia
1073 4104 1135 4152 etc.
1151 4090 1361 4173 argentorati
1383 4091 1474 4154 1531.
1490 4092 1517 4153 s.

291 4194 379 4256 Lulli
398 4195 611 4277 (Raymundi)
629 4217 678 4257 ars
696 4215 809 4282 magua
825 4193 984 4282 generalis
1001 4207 1034 4255 et
1051 4192 1175 4257 ultima.
1194 4194 1344 4279 Lugduni
1369 4198 1460 4279 1507.
1477 4210 1509 4276 4.

299 4299 483 4383 Margarita
497 4299 727 4388 Philosophica
746 4322 816 4362 cum
833 4297 1065 4361 additionibus.
1082 4297 1216 4382 Argunt.
1237 4296 1330 4361 1508.

294 4402 467 4487 Quallae(
482 4402 608 4479 Math.)
632 4406 757 4466 Textua
771 4402 898 4492 parvuli
916 4400 1144 4490 philosophiae
1162 4400 1315 4464 naturalis
1333 4422 1404 4463 cnm
1419 4414 1560 4465 coment.
1578 4400 1755 4490 Hageaov.
1775 4402 1915 4485 15224.

294 4504 483 4571 Stoeflerini
503 4508 628 4583 (toan.)
648 4507 825 4572 elucidatio
844 4494 967 4571 fabrine
983 4506 1121 4594 ususque
1138 4505 1309 4570 astrolabii.
1329 4504 1534 4594 oppenheim
1556 4506 1649 4570 1515.
1668 4508 1762 4585 1524.
1779 4507 1810 4569 s.

295 4609 442 4695 Thylesii
461 4609 566 4686 (Ant.)
588 4612 627 4674 de
647 4613 814 4676 coloribus
831 4613 924 4675 liber.
942 4611 986 4674 N.
1006 4614 1079 4693 46ι.
1860 4638 1863 4645 ·

292 4718 406 4783 Vallae
427 4716 592 4801 (Georgii)
612 4716 652 4778 de
671 4718 852 4803 geometria
867 4715 943 4779 libri
962 4717 1020 4781 VI.
1040 4736 1181 4779 necnon
1200 4715 1240 4779 de
1267 4714 1461 4779 mechanicia
1487 4702 1706 4803 spiritalibut‚
1732 4686 1912 4801 catopticir

393 4821 435 4885 ad
452 4822 572 4911 opticia
589 4820 630 4888 de
647 4844 710 4910 que
728 4822 886 4910 quadrato
902 4819 1017 4887 circuli
1035 4834 1201 4886 tractatur.
1211 4819 1255 4887 N.
1275 4822 1325 4884 16.
