4372 5716
304 581 351 655 32
483 571 559 666 .’
700 610 940 670 caranoeus
965 611 1352 674 nrncroenarmcus.
1379 615 1515 674 unvu.

403 781 462 878 87.
479 823 527 840 —
556 786 673 886 Opera
703 791 909 889 Virgilium
929 792 1040 866 docte
1067 810 1104 867 et
1124 794 1361 870 familiariter
1386 796 1579 896 expositaq
1610 795 1722 871 docte
1753 798 1920 897 quidem

306 898 485 976 Bucolica
507 920 545 977 et
574 907 762 1006 Georgica
787 937 809 982 a
827 912 963 996 Servio,
988 913 1135 986 Donato
1162 930 1199 988 et
1224 914 1449 988 Monerizello
1481 940 1569 988 cum
1594 914 1912 990 annotationibus

305 1019 565 1100 Beroaldinis:
591 1025 731 1104 Aeneis
748 1055 840 1103 vero
869 1029 916 1105 ab
936 1030 1072 1105 iisdem
1100 1048 1252 1130 praeter
1276 1034 1538 1106 Maocznellum
1571 1049 1609 1108 et
1634 1033 1681 1107 ab
1710 1031 1918 1130 Augustino

290 1136 429 1215 'Dotlro
443 1140 482 1213 in
500 1141 581 1216 eius
606 1144 806 1244 principio.
836 1147 1119 1249 Opusculorum
1137 1167 1334 1248 praeterea
1349 1151 1535 1250 quaedam
1563 1180 1584 1224 a
1608 1153 1803 1225 Domirn'co
1823 1153 1911 1224 Col-

298 1256 434 1332 deuito.
461 1260 713 1337 Familiariter
728 1291 821 1338 vero
842 1267 971 1340 omnia
986 1284 1064 1343 tam
1083 1294 1219 1369 opera,
1240 1296 1355 1369 quam
1370 1268 1549 1368 opuscula
1563 1271 1613 1351 ab
1630 1271 1760 1346 lodoco
1784 1270 1913 1343 Badio

301 1372 472 1474 Ascenszo
489 1419 539 1436 -
556 1381 799 1457 recensentur
824 1383 1022 1483 opuscula,
1045 1412 1122 1487 quo
1148 1386 1281 1461 ordine
1302 1404 1389 1462 ante
1406 1387 1577 1461 Aeneida
1598 1387 1715 1486 posita
1741 1386 1836 1461 sunt.
1857 1430 1913 1449 --

302 1491 464 1590 Signum
491 1513 642 1597 typogr.
671 1527 759 1576 eum
785 1501 1056 1602 subscriptione
1086 1504 1230 1577 Iohoon
1259 1505 1360 1579 Petit.
1382 1551 1425 1563 -
1452 1507 1554 1581 Dein
1572 1506 1618 1580 ad
1644 1507 1908 1607 calcem'quae

302 1611 433 1685 omnia
450 1613 589 1714 abipso
607 1619 774 1716 Ascensro
788 1620 981 1719 impendio
1001 1623 1158 1694 Ioannis
1171 1623 1498 1723 porricomprelia
1516 1640 1553 1697 et
1576 1625 1772 1722 recognita
1791 1626 1906 1724 prae-

302 1730 395 1802 stant
414 1728 478 1802 sub
497 1733 628 1809 Leone
646 1754 824 1835 argenteo
847 1739 946 1838 apud
973 1739 1126 1836 Parisiis
1151 1741 1189 1814 in
1212 1739 1272 1814 via
1299 1742 1403 1840 regia
1426 1741 1472 1815 ad
1499 1741 1630 1815 divum
1656 1742 1833 1814 iacobum.
1854 1784 1909 1800 -

302 1844 408 1920 Haec
434 1851 563 1924 omnia
588 1852 627 1924 in
652 1853 788 1929 fronte.
825 1857 1061 1931 Praecedunt
1090 1859 1269 1957 operibus
1294 1861 1442 1956 Virgilii
1462 1859 1624 1959 Epistola
1649 1861 1775 1932 lodoci
1791 1860 1915 1932 Bodii

302 1962 470 2064 Ascensii
479 1970 525 2042 ad
540 1969 588 2044 D.
608 1971 817 2070 Anselmum
839 1975 884 2049 de
906 1977 1066 2085 ssrbuere.
1094 1973 1312 2075 Subscripta
1328 2005 1374 2051 ex
1398 1977 1552 2051 officina
1570 1976 1753 2051 litteraria
1770 1977 1809 2051 in
1829 1976 1907 2048 Pa-

299 2083 460 2179 rrstorum
484 2088 628 2163 Lutetrir
648 2093 694 2166 ad
717 2110 894 2168 octavum
910 2095 1098 2169 Kalendas
1115 2088 1236 2193 Maius
1254 2096 1339 2168 DV.
1367 2111 1405 2169 et
1430 2093 1557 2169 rursus
1583 2094 1769 2171 Novemb.
1794 2094 1904 2168 Anni

300 2201 348 2274 ab
372 2205 637 2308 redemptione
663 2212 830 2287 humana
851 2214 1016 2287 MDVll.
1044 2214 1190 2288 Tabula
1214 2231 1389 2288 content:
1408 2257 1458 2271 -
1481 2214 1623 2286 Londii
1644 2213 1833 2287 Praefatio
1855 2256 1905 2311 -7-

295 2319 481 2420 Epistolae
500 2352 532 2399 2.
553 2329 1122 2429 Mancrirelli-Badri'llscerzsri‘
1135 2349 1449 2430 praenotamenta
1465 2359 1554 2406 eum
1566 2334 1683 2404 serat·
1693 2346 1912 2407 comment..

296 2434 397 2514 libro
417 2441 480 2516 fol.
502 2471 530 2517 1.
557 2444 746 2546 incipiunt
766 2450 958 2547 Aeglogae
976 2492 1027 2506 —
1044 2450 1105 2524 fol.
1124 2477 1204 2524 202.
1231 2451 1293 2523 lin.
1314 2451 1372 2523 30.
1400 2449 1484 2523 finis
1509 2448 1790 2548 opusculorum.
1823 2448 1904 2522 Ha-

234 2583 245 2596 ·
295 2553 362 2630 bes
380 2557 496 2656 igitur
515 2561 689 2637 inventus
704 2566 850 2667 optima
865 2567 1072 2666 vergiliana
1090 2568 1167 2642 fere
1185 2594 1303 2668 opera
1322 2567 1558 2641 familiariter
1569 2564 1776 2666 explanata.
1797 2568 1912 2640 Nam

291 2674 529 2776 priapeium,
554 2680 757 2756 obscenum
776 2684 867 2781 illud
883 2684 1076 2785 epigrama
1094 2713 1173 2758 non
1191 2686 1458 2784 vergilianum,
1487 2684 1548 2759 sed
1577 2685 1797 2760 ovidianum
1827 2683 1903 2759 esl'e

292 2792 332 2867 in
350 2795 444 2870 facie
469 2797 583 2873 huius
603 2802 809 2875 voluminis
827 2799 890 2875 seu
911 2802 1027 2877 libelli
1046 2803 1168 2878 ultimi
1191 2803 1270 2903 (fol.
1291 2806 1367 2892 146.
1386 2803 1438 2902 b.)
1459 2803 1796 2902 praenotavimus:
1831 2828 1900 2876 cu-

288 2910 499 3016 iuscunque
522 2935 650 2995 autem
667 2924 733 3007 est,
761 2920 959 3018 indignum
975 2925 1040 3008 est,
1067 2922 1172 3022 quod
1187 2921 1403 2996 Christianis
1427 2949 1457 2994 1.
1474 2921 1577 2994 callis
1595 2920 1749 2995 auribus
1775 2945 1895 3020 expo-

287 3032 412 3105 natur.
441 3035 660 3111 Catalecton
675 3065 768 3112 vero
789 3065 867 3112 non
890 3041 1048 3138 Vergilio
1067 3038 1128 3113 sed
1146 3066 1356 3139 puerorum
1375 3038 1529 3113 lectioni
1545 3038 1618 3110 line
1645 3038 1788 3130 iactura
1811 3037 1897 3112 sub·

287 3149 483 3226 traximus.
512 3154 689 3252 lmpresla
708 3154 794 3232 sunt
812 3158 906 3232 haec
923 3159 1053 3232 omnia
1067 3157 1195 3232 rursus
1215 3157 1261 3231 ab
1277 3157 1446 3255 Ascensro
1466 3157 1506 3230 in
1522 3156 1663 3256 inclyta
1674 3147 1897 3253 Ponjrorum

287 3262 495 3342 Academia
517 3271 563 3345 ad
583 3274 771 3350 Kalendas
791 3275 924 3352 Junias
951 3278 1117 3352 MDVII.
1146 3277 1257 3352 Char.
1277 3303 1374 3352 rom.
1399 3274 1538 3377 splend.
1560 3276 1598 3351 in
1627 3291 1736 3349 textu
1762 3274 1891 3374 grand.

286 3383 326 3457 in
345 3411 482 3461 comm.
495 3389 592 3499 min.
614 3391 746 3489 glollae
769 3420 885 3492 marg.
907 3397 983 3469 foll.
1003 3424 1083 3470 202.
1114 3396 1198 3494 sign.
1223 3397 1286 3469 lin.
1312 3411 1439 3470 textus
1461 3396 1519 3483 48.
1549 3420 1687 3468 comm.
1709 3395 1767 3490 67.
1792 3392 1891 3468 titut

287 3503 560 3606 rubro-niger.
580 3509 603 3581 f.

475 3648 625 3703 Ponzerus
642 3650 674 3703 in
692 3648 799 3704 Annal·
816 3650 948 3726 Typogr.
970 3651 1005 3706 T.
1017 3673 1044 3724 7.
1064 3671 1093 3725 p.
1104 3665 1166 3705 200.
1187 3650 1275 3725 longe
1294 3651 1380 3705 aliter
1397 3649 1561 3724 hocopus,
1579 3650 1712 3722 quamvis
1728 3649 1803 3703 illud
1815 3650 1888 3704 eius·

493 3782 496 3788 .
573 3741 636 3796 dem
654 3762 718 3795 cum
736 3741 829 3797 nostra
847 3742 983 3798 editionis
999 3744 1047 3807 lit,
1066 3743 1203 3798 recenset:
1224 3745 1256 3797 in
1274 3741 1370 3799 nostro
1389 3743 1465 3798 enim
1484 3742 1643 3818 exemplari
1656 3741 1752 3797 versus
1768 3741 1889 3797 Ascenssi

573 3834 609 3888 ad
630 3836 797 3900 Lemurem,
817 3854 887 3909 quos
904 3836 991 3890 refert
1008 3839 1178 3903 Petaurus,
1197 3856 1256 3892 non
1274 3838 1483 3900 inveniuntur,
1505 3835 1619 3907 aliaque
1637 3835 1757 3888 omnino
1772 3833 1808 3889 est
1826 3832 1890 3901 lub-
1934 3822 1938 3828 ’

575 3928 710 4003 scripti0‚
729 3946 801 4000 quae
818 3928 854 3983 ad
879 3929 964 3983 finem
981 3927 1069 3984 nostri
1092 3931 1263 4005 exemplaris
1281 3929 1454 3986 verbotenus
1478 3927 1600 3983 adducta
1621 3927 1697 3993 suit,
1724 3947 1758 3983 ex
1784 3925 1889 4000 quibus

571 4037 690 4098 apparet
710 4022 875 4077 Ponzerum
890 4021 947 4076 boc
962 4040 1036 4098 opus
1052 4041 1110 4079 non
1127 4039 1193 4078 ante
1210 4022 1327 4079 occulos
1338 4020 1485 4086 babuilie,
1504 4021 1636 4093 quinimo
1653 4019 1789 4094 suspicor,
1809 4019 1887 4092 quod

568 4115 628 4191 ipse
636 4117 825 4172 Maittoirios
836 4101 868 4169 ui
877 4134 913 4170 ex
928 4116 1105 4171 correctione
1115 4117 1206 4186 (sexto
1223 4116 1287 4171 idue
1297 4113 1485 4187 Novembris)
1496 4114 1528 4167 in
1538 4129 1607 4167 nota
1618 4130 1646 4187 9.
1663 4111 1698 4166 L.
1711 4130 1734 4168 c.
1757 4111 1887 4187 apposite

572 4226 708 4284 apparet,
730 4208 805 4265 illud
822 4228 881 4267 non
897 4208 1023 4273 viderit;
1044 4210 1161 4265 interim
1179 4208 1255 4265 illud
1272 4207 1376 4282 absque
1394 4206 1483 4262 dubio
1499 4205 1536 4262 ad
1551 4205 1705 4261 rarissimas
1728 4204 1890 4260 seditiones

577 4305 697 4378 Virgilii
714 4303 895 4360 referendum
913 4303 958 4359 est.
986 4305 1031 4359 De
1046 4303 1124 4358 Bure
1142 4301 1211 4358 daus
1229 4302 1259 4357 la
1276 4299 1498 4376 Bibliograpbie
1525 4297 1693 4354 instructive
1711 4318 1728 4354 a
1746 4298 1783 4353 N.
1801 4296 1884 4372 2659.

566 4392 654 4466 usque
671 4393 752 4467 2708.
773 4399 849 4470 quast
866 4400 964 4453 omnes
982 4394 1122 4451 editiones
1139 4395 1345 4472 praeclariores
1371 4394 1489 4469 Virgilii
1508 4412 1543 4448 ex
1561 4393 1733 4449 Muittairio
1750 4389 1883 4466 deprom-¹

565 4502 629 4560 pras
643 4486 774 4554 exhibit‚
794 4489 829 4543 de
845 4487 901 4544 hac
918 4506 1012 4545 autem
1028 4491 1113 4545 Anno
1133 4490 1211 4563 1607.
1234 4486 1362 4561 Parisiis
1379 4484 1454 4541 lacta
1469 4484 1546 4541 nihil
1560 4501 1710 4541 memorat.
1861 4480 1864 4485 ’

373 4665 431 4755 88.
448 4717 500 4735 ·-
513 4677 672 4751 Joonnis
689 4677 874 4774 Froocrsci
889 4677 974 4750 Pici
986 4679 1223 4753 Mirandulae
1239 4677 1398 4754 Domini
1424 4693 1462 4752 et
1485 4673 1710 4751 concordiae
1731 4671 1882 4746 comitis

277 4798 323 4873 de
341 4825 472 4875 rerum
487 4794 739 4900 praenotione
757 4796 843 4870 libri
862 4823 1004 4872 novem
1018 4822 1092 4898 pro
1110 4796 1270 4875 veritate
1288 4796 1482 4898 reli5ionis
1501 4807 1634 4868 contra
1651 4787 1881 4889 superstitio-
