4320 5700
677 636 916 694 carmoeus
942 632 1316 712 arpnoenaemcus
1344 633 1495 690 unvm.
1674 699 1679 710 ,
1835 614 1881 710 3?

279 817 418 891 teraria
443 816 601 890 Jooom's
629 814 726 910 Pmi's
752 813 1048 913 Chalcographi‚
1077 811 1168 886 civis
1196 813 1415 910 Argentini:
1447 812 1560 910 vulgo
1583 837 1665 886 zum
1688 808 1882 906 Tlu'ergar-
2032 875 2034 878 ,
2119 892 2123 903 .

279 952 337 1007 ten
363 949 581 1032 nuncupata
606 932 895 1032 depromptum,
914 930 975 1005 die
1000 930 1172 1004 vicesima
1199 931 1312 1003 tertia
1334 930 1466 1003 menfls
1484 929 1591 1003 Junii
1615 930 1729 1002 Anno
1755 925 1881 1002 salutis
2018 947 2021 958 ¹

150 1052 154 1060 '
281 1054 333 1126 Μ.
348 1051 522 1124 CCCCC.
539 1053 643 1123 tht.
661 1050 772 1124 Char.
790 1050 893 1148 goth.
916 1048 993 1121 foll.
1019 1048 1095 1121 123.
1117 1047 1202 1146 fign.
1220 1065 1259 1122 et
1274 1074 1363 1122 uno,
1383 1074 1462 1122 non
1482 1046 1566 1147 fign.
1584 1046 1647 1120 lin.
1666 1053 1723 1136 40.
1751 1051 1784 1135 4.

471 1210 598 1265 Ponzeri
614 1208 718 1264 Annal.
736 1210 867 1284 Typogr.
886 1209 921 1263 Τ.
940 1207 965 1263 6.
984 1227 1012 1283 p.
1025 1219 1068 1280 4ο.
1088 1207 1125 1263 N.
1136 1218 1180 1281 47.

379 1445 514 1493 102.-
538 1419 696 1492 Thomas
711 1418 880 1519 Volphius
897 1415 1024 1489 iunior
1035 1417 1081 1490 D.
1093 1418 1241 1489 Doctor
1258 1417 1297 1488 in
1308 1415 1513 1491 Psalmum:
1534 1417 1701 1503 domine,
1716 1416 1801 1516 quis
1814 1415 1882 1490 ha·

251 1618 255 1626 ,
279 1536 414 1610 hitavit
430 1537 469 1609 in
487 1536 730 1612 tabernaculo
749 1553 834 1610 tuo:
855 1535 895 1607 in
916 1533 1147 1634 expositione
1167 1534 1256 1607 sexti
1274 1528 1400 1608 versus
1418 1535 1580 1633 paucula
1595 1532 1797 1633 quaepiam
1810 1560 1881 1633 per

224 1698 227 1703 -
278 1653 609 1751 transgressionem
629 1654 728 1727 dicta
754 1679 827 1752 pro
846 1650 1085 1727 invictissimo
1109 1650 1265 1725 Caesare
1281 1652 1544 1724 Maxzmilzizno
1564 1652 1730 1750 Augusto
1749 1662 1883 1726 contra

278 1771 509 1843 Guilzelmum
528 1769 759 1870 Episcopum
776 1769 1094 1844 Leodiensem.—
1115 1771 1219 1843 Haec
1237 1770 1276 1841 in
1292 1769 1417 1842 fronte
1434 1769 1552 1842 ..fot
1575 1797 1608 1842 2.
1623 1769 1785 1869 Epistola
1801 1770 1882 1842 Vol-

270 1887 359 1986 plu'i
375 1888 421 1962 ad
438 1891 628 1963 Joannem
659 1888 841 1963 Bavariae
862 1889 1021 1961 Ducem.
1047 1889 1077 1958 F
1079 1887 1127 1959 ol.
1152 1887 1210 1960 23.
1227 1885 1292 1959 lin.
1314 1913 1374 1982 27.
1395 1886 1558 1959 Ioannes
1583 1886 1791 1983 Gmnz'ngor
1813 1885 1882 1958 Ar-

271 2010 464 2101 gentoraci
477 2005 740 2104 imprimebat..
758 2006 873 2077 Anno
895 2004 1029 2077 Christi
1049 2005 1100 2077 M.
1111 2004 1159 2078 D.
1170 2007 1273 2078 v111.
1294 2003 1354 2079 die
1370 2004 1516 2078 XXVl.
1534 2004 1636 2102 May.
1650 2004 1761 2079 Char.
1775 2003 1880 2103 goth.

276 2121 398 2218 glossis
417 2122 574 2220 margin.
594 2122 671 2195 foll.
688 2128 745 2210 24.
763 2147 843 2195 non
863 2120 949 2219 fign.
968 2123 1030 2196 lin.
1052 2122 1110 2195 32.
1140 2120 1173 2210 4.

468 2280 597 2335 Panzeri
610 2279 715 2334 Annal.
736 2281 869 2353 Typogr.
893 2281 977 2335 Tem.
996 2279 1023 2335 6.
1045 2301 1073 2354 p.
1094 2283 1137 2354 39.
1157 2275 1195 2334 N.
1211 2275 1271 2335 108.

370 2492 452 2564 103.
463 2532 507 2548 —
524 2491 755 2564 Collectanea
771 2493 983 2588 adagionem
1003 2508 1178 2565 veterum
1197 2487 1380 2587 Daessderii
1395 2490 1542 2587 Erosmi
1553 2491 1880 2591 Roterodamiger-

276 2609 423 2682 maniae
442 2608 588 2681 decoris
607 2635 652 2681 ex
667 2607 826 2681 secunda
844 2610 1128 2708 recognitione,
1144 2608 1268 2682 addita
1285 2612 1334 2683 est
1349 2609 1477 2684 tabula
1492 2609 1532 2681 in
1543 2608 1654 2706 ipfius
1672 2611 1799 2708 operis
1816 2637 1881 2684 ve·

277 2726 409 2798 stibulo
431 2753 453 2799 a
480 2725 667 2797 Schoren'o
684 2726 857 2812 condita,
876 2752 953 2824 quo
981 2726 1082 2799 dicto
1105 2725 1216 2798 citius
1240 2726 1415 2825 querenti
1438 2725 1601 2824 quodvis
1627 2742 1812 2800 occurrat.
1829 2770 1880 2786 -

259 2843 437 2942 'Epistola
456 2839 640 2936 Dificleriz'
655 2843 803 2936 Erasmi
817 2843 1054 2914 Boterodami
1073 2843 1119 2915 ad
1149 2843 1341 2916 Comitem
1367 2844 1598 2914 Guz'lt'elmum
1619 2841 1812 2940 Monlolitm
1831 2886 1878 2902 -

276 2960 390 3033 index
409 2959 688 3057 adagiorum-
706 2958 1480 3058 EpistoladchureriiadLectorem-fol,
1502 2987 1529 3032 1.
1542 2959 1782 3034 Collectanea
1792 2961 1877 3060 ipsa.

275 3078 338 3152 fol.
359 3078 415 3151 58.
438 3077 501 3150 tin.
522 3083 555 3166 4.
576 3078 668 3150 haec
686 3095 861 3151 veterum
879 3077 1101 3176 adagiorum
1117 3076 1301 3174 Destilerii
1315 3078 1464 3174 Erasini
1479 3078 1707 3151 collectanea
1736 3079 1877 3175 Argen-

273 3198 386 3268 toroti
398 3193 570 3268 stamneis
590 3194 741 3268 calamis
760 3191 944 3295 exscripta
960 3194 1045 3268 sunt
1063 3195 1102 3267 in
1119 3196 1274 3278 officina
1292 3195 1458 3268 Mathme
1469 3194 1876 3270 SchureriiHelveteni.

264 3311 415 3387 ¹artium
431 3309 608 3384 doctoris.
634 3310 761 3384 Mense
783 3311 887 3385 Julio
906 3312 1020 3384 Anno
1040 3311 1185 3384 Christo
1203 3329 1293 3386 nato
1321 3313 1372 3386 Μ.
1385 3312 1432 3384 D.
1443 3313 1545 3386 VIlI.
1566 3312 1645 3386 usui
1667 3312 1876 3388 studiorum

273 3442 456 3526 regnante
476 3431 569 3526 Imp.
590 3426 689 3501 Caes.
708 3426 971 3502 Maxzim'lzimo
989 3429 1028 3501 P.
1041 3428 1064 3502 f.
1076 3412 1178 3504 Mox.
1191 3431 1349 3505 Victore
1360 3458 1403 3504 ac
1418 3429 1601 3530 triumph.
1619 3429 1767 3530 semper
1780 3433 1876 3530 Aug.

274 3551 362 3622 cum
376 3546 503 3645 insign.
515 3545 686 3645 Typogr.
715 3547 826 3619 Char.
839 3545 942 3646 goth.
957 3547 1018 3620 lat.
1036 3546 1141 3620 mixt.
1155 3547 1238 3623 foll-s
1252 3549 1312 3623 58.
1322 3575 1469 3623 numer.
1482 3547 1544 3620 lin.
1555 3548 1612 3620 38.
1625 3548 1663 3620 in
1673 3536 1828 3648 praefat.
1843 3554 1876 3638 4.
1907 3648 1909 3652 ¹

465 3703 568 3760 Editio
584 3705 619 3760 ab
633 3704 770 3762 Analistit
787 3704 948 3763 hucusdum
964 3724 1024 3762 non
1041 3705 1190 3782 descripta.

375 3925 453 4009 104
465 3927 515 3974 -·'·
529 3915 762 4014 Margaritha
782 3913 1039 4016 th'losophica
1056 3945 1145 3990 cum
1169 3917 1425 3993 additionibus
1443 3918 1553 3992 novis
1573 3918 1618 3993 ab
1637 3932 1793 3991 auctore
1813 3916 1878 3992 suo

273 4035 526 4110 studiosliiima
546 4033 730 4109 revifione
754 4033 868 4108 tertio
894 4034 1143 4135 iuperadditis
1160 4061 1252 4115 ¹cum
1276 4036 1387 4109 icone
1406 4033 1586 4112 ‚scientias
1616 4031 1730 4107 variis
1748 4031 1876 4107 inscri-

274 4151 469 4252 ptionibus
485 4151 858 4250 repraesentante-
872 4152 971 4227 infra
986 4153 1038 4226 Io.
1055 4153 1224 4226 Schottus·
1237 4149 1513 4250 Argenttnensis
1532 4147 1687 4223 Lectori
1707 4144 1807 4224 8.-
1827 4149 1881 4247 di-

273 4269 417 4343 stichon
434 4266 605 4365 Bosz'leae
626 4270 729 4342 1508.
741 4302 786 4327 -
805 4270 964 4345 Haecin
980 4269 1106 4346 fronte
1124 4314 1174 4328 -
1196 4270 1260 4343 fol.
1285 4269 1368 4343 eod.
1390 4270 1426 4342 b.
1449 4264 1630 4364 Plrilrfiits
1662 4264 1882 4370 Vogeszgina
2024 4246 2033 4255 .

275 4387 320 4462 de
337 4387 511 4460 laudibus
530 4403 568 4460 et
583 4386 710 4461 fructu
723 4374 977 4487 Margarithae
995 4385 1329 4489 th'lcffophicael-
1358 4385 1420 4459 fol.
1443 4414 1476 4459 2.
1494 4385 1650 4486 partitio
1679 4388 1807 4486 operis
1829 4430 1880 4444 -

275 4505 337 4577 fol.
356 4504 389 4577 3.
406 4506 443 4578 6.
460 4501 595 4603 incipit
611 4502 707 4580 liber
725 4510 751 4580 1.
773 4550 823 4564 -
841 4507 919 4581 foll.
944 4507 1026 4580 316.
1053 4506 1117 4580 lin.
1138 4507 1196 4581 32.
1216 4505 1331 4581 tertio
1355 4504 1535 4580 industria
1557 4498 1789 4604 complicum
1806 4507 1876 4579 Mi-

273 4621 383 4694 choel
396 4624 556 4696 Ferrarii
571 4640 609 4698 et
617 4624 722 4698 Joon.
735 4626 833 4698 Scoti
849 4623 1098 4699 studiofissime
1115 4623 1234 4725 pressa
1245 4622 1417 4721 Bast'leae
1430 4624 1477 4698 ad
1499 4631 1552 4713 ¹4·
1571 4625 1653 4697 Kal.
1672 4622 1783 4695 Mart.
1797 4623 1875 4692 An-

274 4764 325 4815 no
346 4741 480 4817 Christi
502 4745 665 4818 1508.-
677 4744 740 4818 fol.
759 4744 895 4819 eodem
914 4745 948 4820 b.
969 4744 1120 4845 Georgii
1131 4745 1309 4845 Rezschii.
1336 4744 1516 4819 Theodori
1533 4742 1676 4838 Ursem'i
1693 4756 1731 4813 et
1749 4736 1881 4811 Jacobt
