4320 5700
278 575 345 664 148
660 595 900 655 carriacus
925 595 1303 657 monocummcus
1327 595 1514 656 1111101111

268 770 377 871 busq.
405 770 567 873 utriusq.
595 773 745 874 linguae
770 775 970 850 autoribus
995 777 1192 854 Plutarcho
1210 778 1433 881 praesertim
1453 789 1754 877 excerptorum,
1794 803 1880 852 cum

270 887 380 961 brevi
408 892 646 993 commodaq.
670 894 943 994 explicatione,
975 913 1174 996 quactum
1191 896 1443 973 lucemaddit
1469 893 1659 983 obscuris,
1682 910 1769 970 tum
1789 896 1879 971 dieti

271 1004 416 1081 sensum
434 1010 679 1112 argutiamq.,
700 1038 978 1114 nonnunquam
998 1029 1036 1088 et
1054 1014 1164 1089 usum
1183 1015 1344 1103 indicat,
1363 1040 1436 1115 per
1452 1012 1542 1087 Des.
1559 1012 1750 1111 Erasmum
1775 1014 1882 1088 Ilota-

269 1124 466 1201 rodamum.
494 1127 604 1229 Opus
623 1157 703 1205 non
724 1131 852 1205 minus
872 1131 994 1207 bonae
1021 1132 1140 1230 frugis
1162 1159 1280 1235 quam
1297 1132 1503 1233 voluptatis
1523 1132 1729 1239 allaturum
1746 1132 1882 1206 studio-

222 1294 227 1302 .
271 1240 316 1316 fis
339 1286 389 1300 -
412 1246 525 1321 Nunc
544 1246 714 1347 primum
743 1246 932 1323 excusum.
956 1293 1006 1309 —
1032 1250 1224 1348 Basileae,
1254 1252 1292 1325 iu
1317 1250 1474 1325 officina
1488 1249 1738 1337 Frobem'ana,
1765 1251 1880 1325 Auno

275 1361 386 1437 MD.
400 1363 548 1452 XXXI.
567 1408 613 1425 -
636 1392 725 1440 cum
745 1367 865 1465 gratia
884 1384 922 1442 et
940 1368 1142 1469 privilegio
1161 1369 1342 1445 Caesareo
1362 1367 1402 1444 in
1422 1367 1483 1442 sex
1504 1394 1634 1443 annos.
1649 1410 1701 1426 -
1719 1366 1827 1443 Haec
1843 1369 1882 1443 in

277 1480 403 1556 fronte
429 1509 517 1557 cum
542 1483 670 1583 infign,
695 1483 768 1585 leq.
788 1484 951 1584 Epistola
974 1484 1123 1584 Erasmi
1142 1487 1379 1562 Roterodami
1396 1485 1442 1560 ad
1470 1480 1702 1561 Gur'lrelrrrum
1728 1487 1882 1580 Ch'rciem

257 1596 342 1695 sem
364 1645 409 1657 -
429 1628 466 1700 p.
488 1602 570 1700 699.
589 1600 651 1675 lin.
668 1607 726 1690 24.
749 1603 922 1700 Basileae
940 1604 980 1678 in
1006 1605 1163 1681 officina
1177 1607 1408 1681 liabencana
1433 1630 1504 1705 per
1523 1604 1785 1701 lheronymam
1800 1607 1881 1679 Fro-

273 1719 438 1805 benium,
464 1719 644 1791 Joanncm
660 1720 880 1818 Herragium
900 1739 938 1796 et
963 1723 1154 1797 Nr'colaum
1168 1708 1419 1823 ⁸h'pcjcopium.
1446 1720 1575 1796 Mense·
1600 1712 1743 1797 Martio
1770 1722 1882 1798 Auno

275 1838 327 1909 M.
338 1837 386 1910 D,
396 1837 546 1909 XXXI.
566 1837 678 1910 Char.
695 1838 756 1911 lat.
776 1839 905 1936 grand.
926 1867 962 1940 p.
984 1843 1066 1938 671.
1089 1840 1175 1938 fign.
1193 1840 1231 1915 in
1251 1855 1334 1914 toto
1357 1841 1438 1937 7¹5·
1464 1843 1499 1928 4.
1694 1832 1698 1839 ¹

467 1977 596 2031 Panaeti
609 1975 717 2035 hunul.
736 1977 867 2052 Typogr.
888 1979 922 2034 Τ.
935 1977 960 2042 6,
976 1999 1005 2054 p,
1016 1995 1078 2053 273.
1099 1980 1137 2035 N.
1149 1974 1214 2043 812.

379 2145 462 2236 481.
488 2189 538 2204 -
567 2146 873 2233 Concordantiae,
895 2150 1051 2221 maiores
1062 2149 1198 2246 sacrae
1216 2148 1366 2223 Biblcae
1391 2145 1547 2222 summis
1567 2146 1712 2248 vigiliis
1730 2146 1807 2222 iam
1828 2146 1887 2222 de-

278 2291 357 2338 nuo
372 2264 472 2338 ultra
488 2288 622 2339 omnes
643 2264 829 2339 editiones
842 2280 879 2339 et
895 2266 1086 2364 castigatae
1105 2282 1142 2340 et
1156 2267 1426 2367 locupletatae:
1445 2265 1575 2341 addito
1591 2262 1746 2367 insuper
1756 2264 1884 2340 dictio·

282 2408 376 2457 num
393 2382 564 2456 elencho.
591 2383 765 2480 Basileae
793 2383 907 2456 Auno
934 2383 1036 2456 1531.
1062 2384 1186 2457 mense
1211 2385 1365 2459 Martio.
1384 2425 1432 2440 -
1452 2377 1622 2459 Haecin
1646 2382 1775 2458 fronte
1801 2410 1886 2458 cum

278 2501 443 2599 Dialogo
472 2500 630 2573 emtoris
658 2515 696 2574 et
717 2499 927 2574 venditoris
954 2499 1082 2599 infign.
1110 2501 1407 2603 Typographiae
1432 2501 1610 2576 Frobenii.
1637 2542 1688 2561 ·-
1712 2500 1779 2577 fol.
1808 2507 1886 2592 444.

279 2619 342 2693 lin.
361 2619 419 2710 34.
437 2617 543 2691 finis:
570 2613 743 2712 Basileae
758 2616 796 2691 in
818 2618 975 2693 officina
984 2617 1215 2717 frobeniana
1238 2619 1354 2694 Anno
1373 2637 1410 2696 et
1429 2612 1491 2695 dic
1511 2619 1623 2720 supra
1646 2616 1825 2695 indicato.
1841 2660 1886 2679 -

283 2738 397 2813 index
415 2736 680 2812 terminorum.
699 2735 811 2811 Char.
832 2735 934 2836 goth.
953 2737 1029 2811 foll.
1049 2744 1131 2827 444.
1149 2764 1228 2812 non
1245 2738 1331 2838 fign,
1350 2738 1413 2812 lin.
1434 2736 1660 2840 tripartitae.
1684 2738 1744 2835 78.
1764 2738 1789 2811 f.

473 2877 575 2932 Editio
594 2875 755 2932 hucusdum
773 2878 804 2931 in
822 2875 1030 2932 recenlionibus
1048 2895 1108 2932 non
1127 2877 1265 2934 exhibita.

378 3050 460 3137 482.
487 3086 536 3142 ··.·
568 3051 670 3123 Vitae
682 3070 894 3147 graecorum
914 3047 1229 3148 Romanorumque
1244 3045 1441 3120 illustrium
1458 3072 1504 3121 ex
1525 3046 1726 3122 Plutarcho
1741 3049 1891 3125 cumin·
1916 3116 1919 3121 .

283 3167 366 3240 dice
384 3165 674 3265 locupletissimo
705 3168 878 3265 Basileac
902 3163 1002 3265 apud
1019 3166 1075 3238 Jo.
1095 3163 1183 3238 Beb.
1211 3163 1325 3238 Anno
1350 3164 1622 3269 MD.XXX1.
1652 3208 1704 3225 -
1726 3166 1894 3243 Haecin

287 3284 423 3356 fronte.
443 3309 533 3363 cum
551 3282 678 3382 infign.
693 3299 844 3384 typogr.
863 3326 914 3341 —
937 3283 1000 3357 fol.
1024 3282 1106 3358 eod.
1129 3282 1164 3358 b.
1191 3282 1379 3357 Virorum
1404 3283 1603 3359 illustrium
1625 3284 1894 3387 6011110300-

288 3399 452 3500 Epistola
470 3402 555 3472 Sim.
573 3401 711 3472 Granci
727 3402 771 3474 ad
795 3403 877 3475 lect.
894 3445 943 3457 —
959 3400 1083 3474 index.
1106 3400 1168 3474 fol.
1192 3429 1219 3475 1.
1241 3399 1326 3500 frgn.
1344 3399 1538 3476 Plutarchi
1551 3400 1718 3477 vitae—
1737 3402 1802 3478 tot.
1811 3404 1892 3494 464

285 3519 349 3592 lin.
372 3518 430 3590 30.
450 3517 625 3613 Basileae
642 3544 689 3590 ex
709 3518 864 3591 aedibus
887 3520 1010 3591 Joann
1029 3519 1175 3593 Bebelii
1190 3517 1317 3593 menie
1330 3520 1472 3594 Martio
1485 3520 1601 3594 Anno
1621 3520 1733 3594 MD.
1744 3520 1893 3594 ΧΧΧΙ.

285 3638 350 3710 sol.
367 3635 449 3711 eod.
469 3635 503 3707 b.
526 3633 652 3734 infign.
670 3649 822 3733 typogr.
843 3634 954 3709 Char.
976 3637 1036 3710 lat.
1056 3635 1186 3735 grand.
1207 3637 1299 3737 eleg.
1320 3637 1455 3737 glolsae
1471 3662 1588 3737 marg.
1610 3637 1688 3714 1011.
1705 3638 1789 3728 464.
1808 3637 1894 3738 fign.

283 3756 325 3830 in
342 3770 426 3830 toto
448 3754 531 3828 516.
547 3751 612 3829 lin.
629 3754 686 3829 52.
703 3752 727 3828 f.
1012 3795 1016 3802 ·
1458 3757 1463 3766 '

360 3928 363 3958 ;
479 3895 608 3951 Panzeri
624 3892 729 3949 Annal.
756 3893 888 3969 Typogr.
909 3893 943 3948 T.
954 3911 979 3969 9.
1006 3914 1035 3969 p.
1044 3893 1109 3967 405.
1129 3893 1167 3950 N.
1176 3888 1239 3969 848.
1261 3912 1286 3949 c.

387 4067 470 4156 483.
497 4109 545 4125 --
574 4066 690 4167 Opera
723 4065 905 4137 Ciceronis
924 4063 1120 4138 Rhetorica
1148 4045 1306 4136 oratorc'a
1330 4078 1368 4138 et
1374 4061 1544 4162 forensia
1566 4080 1638 4143 etc.
1654 4106 1706 4125 ·-
1727 4065 1835 4141 Haec
1857 4065 1899 4141 in

291 4186 418 4259 fronte
437 4186 512 4261 vol.
538 4212 568 4261 1.
595 4210 683 4257 eum
709 4184 817 4283 prelo
840 4181 1060 4257 atcenfiano.
1085 4182 1203 4253 limbo
1226 4180 1368 4279 splend.
1392 4181 1545 4260 incluso.
1572 4183 1687 4261 fola.
1711 4193 1793 4259 nori
1807 4182 1898 4284 fign.

289 4303 409 4377 Jodoc.
433 4303 550 4376 Badii
564 4300 887 4402 AscensiEpistola
906 4299 954 4375 ad
976 4300 1206 4375 Gaetulicum
1215 4299 1400 4372 Budaeum
1417 4299 1625 4401 subscripta
1637 4301 1797 4381 Kalend.
1816 4304 1898 4377 No-

293 4421 428 4494 101111).Ι
440 4421 552 4494 MD.
565 4419 713 4494 XXXI.
740 4461 787 4479 ·-
808 4420 875 4494 fol.
896 4419 975 4508 134.
991 4417 1028 4493 b.
1048 4415 1133 4490 finis
1158 4414 1368 4516 lequuntur
1382 4418 1477 4492 Auli
1496 4420 1595 4494 Gella
1613 4402 1896 4499 Ailnotationes

291 4541 367 4618 lex.
389 4539 467 4614 soll.
488 4538 541 4613 13.
560 4565 638 4610 11011
656 4537 741 4635 sign.
768 4539 851 4610 Hoc
867 4539 1050 4611 volumen
1074 4532 1243 4608 continet
1270 4534 1349 4611 foll.
1371 4535 1458 4636 fign.
1480 4537 1559 4627 134.
1585 4537 1822 4627 int0t0142.
1847 4579 1899 4595 -

294 4662 444 4735 Volum.
466 4660 511 4730 11.
544 4657 594 4730 M.
629 4656 727 4727 Talii
751 4659 931 4729 Ciceronis
957 4656 1148 4727 orationes.
1176 4693 1224 4706 —
1246 4653 1350 4727 Haec
1373 4654 1412 4727 in
1436 4656 1561 4730 fronte
1587 4696 1635 4711 -
1657 4655 1722 4732 fol.
1748 4654 1834 4732 eod.
1860 4654 1897 4729 b.

296 4781 416 4856 Jodoc.
435 4779 552 4852 Badii
567 4773 735 4873 Ascensii
750 4776 902 4874 epistola
916 4771 964 4848 ad
979 4772 1177 4846 Budarem.
1196 4769 1415 4871 Subscripta
1430 4774 1623 4852 KaLNov.
1640 4772 1899 4853 mxxxi.
