4320 5700
681 608 921 671 caratooot
948 611 1324 689 mauoonarmoos
1349 609 1472 671 MDIX.

276 787 453 887 riuiculis
467 779 789 880 conclusionibus,
808 792 1078 892 sententiarum
1101 821 1255 881 eorum,
1276 795 1432 896 quaein
1451 818 1688 895 unoquoque
1704 797 1879 898 Evangess

274 906 326 979 lio
350 908 596 982 continentur
624 927 692 984 etc.
718 912 861 1010 adjecta
879 918 926 987 est
946 913 1060 989 etiam
1081 913 1276 988 difficilior
1303 913 1581 988 vocabulorum
1609 913 1881 1015 interpretatio

271 1025 480 1099 Hermanni
495 1028 714 1116 Tarentini,
736 1029 811 1105 iarn
836 1031 963 1105 denuo
987 1032 1205 1120 emendata,
1234 1031 1372 1119 revisa,
1400 1029 1575 1132 pluribus
1597 1032 1760 1121 additis,
1780 1063 1880 1137 quaa

272 1143 312 1217 in
328 1143 450 1242 priori
470 1144 568 1219 libro
588 1173 667 1221 non
686 1149 884 1223 habentur.
907 1190 949 1206 -
968 1149 1125 1222 Haecin
1143 1150 1268 1226 fronte
1287 1195 1334 1208 -
1355 1149 1418 1224 fol.
1443 1148 1550 1238 541³.
1572 1148 1635 1224 lin.
1656 1177 1715 1226 aa.
1737 1153 1882 1229 finiun-

224 1320 229 1329 .
271 1277 334 1335 tur
360 1261 534 1362 epistolae
549 1281 589 1338 et
606 1266 799 1365 evangelia
816 1293 886 1365 per
908 1282 1033 1339 totum
1052 1276 1195 1341 annum
1210 1285 1278 1343 etc.
1303 1265 1476 1368 impreiia
1497 1268 1671 1341 Coloniae
1694 1268 1734 1342 in
1752 1271 1883 1345 offici·

270 1406 321 1454 na
349 1381 533 1485 litteraria
566 1384 823 1482 ingenuorum
855 1385 1024 1458 filiorum
1065 1385 1242 1487 Queatell.
1282 1387 1396 1460 Anno
1428 1385 1696 1460 incarnationis
1718 1387 1883 1466 Domini

272 1499 324 1574 M.
337 1500 513 1574 CCCCC.
525 1501 591 1573 IX.
608 1503 726 1575 altera
743 1501 803 1574 die
820 1502 857 1574 8.
878 1502 1015 1576 Lucae.

464 1639 547 1714 Opus
567 1638 676 1694 nullibi
694 1641 869 1695 recenfitum.
888 1641 993 1696 taeter
1011 1644 1042 1696 in
1057 1641 1154 1696 lexico
1176 1641 1359 1697 eruditorum
1376 1643 1446 1717 Τ.4.
1465 1663 1495 1717 p.
1509 1640 1587 1698 1161.
1607 1645 1886 1710 annotataomn.

560 1735 655 1787 tinum
673 1734 893 1806 grammaticum
910 1734 1061 1808 Belgicam
1079 1734 1197 1790 Scholia
1210 1736 1241 1789 in
1259 1733 1424 1808 Evangelia
1442 1733 1593 1810 [oriphtla‚
1610 1735 1642 1791 id
1657 1736 1736 1808 quod
1751 1737 1883 1813 praefato

562 1826 644 1900 operi
661 1825 748 1880 etiam
767 1828 915 1888 convenit.

371 2017 449 2089 125.
465 2060 510 2075 -
526 2016 713 2116 Franctscz'
731 2014 925 2116 Philelpht'
938 2015 1121 2116 Epistolae
1139 2013 1335 2088 breviores
1352 2057 1397 2072 -
1406 2016 1545 2114 pagina
1562 2016 1696 2116 prima
1718 2017 1887 2100 Francia

276 2133 313 2204 ci
325 2128 519 2236 Philelphi
539 2136 702 2235 Epistola
729 2133 776 2207 ad
794 2135 969 2231 Francrst.
993 2133 1197 2207 Barbarum
1210 2173 1249 2191 -
1273 2160 1309 2232 p.
1327 2135 1384 2207 61.
1406 2135 1549 2233 Angeli
1569 2135 1760 2208 Polr'ciam‘
1773 2163 1889 2237 quae·

274 2251 362 2326 dam
378 2252 562 2352 Epistolae
581 2251 854 2351 familiares'ad
882 2251 986 2327 viros
1013 2252 1241 2337 illustres.7-
1262 2250 1396 2326 eadem
1419 2278 1503 2351 pag.
1525 2255 1581 2326 61.
1602 2253 1636 2324 b.
1664 2252 1889 2353 imprellum

276 2372 504 2470 Argentznae
522 2369 635 2442 Anno
659 2369 819 2442 Domini
839 2369 1024 2442 Milefimo
1047 2368 1347 2468 quingentesimo
1362 2369 1492 2469 primo
1505 2415 1551 2431 -
1567 2369 1678 2445 Char.
1698 2371 1805 2471 goth.
1825 2374 1887 2449 lat.

279 2487 440 2588 paginae
458 2503 681 2561 numeratae
698 2488 755 2560 61.
773 2486 836 2560 lin.
854 2487 920 2563 ult.
938 2486 1017 2580 foll.
1035 2493 1092 2575 40.
1120 2493 1154 2576 4.

472 2628 601 2682 Ponzeri
617 2626 726 2689 Annal.
743 2627 875 2702 Typogr.
902 2627 937 2687 T.
948 2625 975 2682 6.
993 2645 1022 2702 p.
1032 2636 1079 2701 47.
1099 2626 1137 2681 N.
1148 2626 1210 2702 176.

376 2821 455 2892 126.
468 2861 512 2875 -
531 2818 723 2891 Formulae
747 2817 888 2889 attendi
910 2817 1144 2891 sacerdotum.
1165 2816 1449 2894 Canonicorum
1470 2817 1543 2895 live
1561 2817 1815 2896 Vicariorum
1836 2821 1892 2896 se-

277 2936 464 3011 cularium
483 2937 680 3011 autetiam
701 2935 865 3008 aliorum
883 2933 1112 3008 devotorum
1125 2935 1461 3036 Bresbyteriorum
1472 2927 1635 3012 -Haec
1648 2938 1686 3010 in
1702 2938 1892 3013 fronte·-

276 3056 341 3128 fol.
357 3081 415 3126 ao.
436 3054 499 3128 lin.
518 3081 575 3128 21.
594 3054 730 3127 finiunt
748 3053 913 3126 formula
929 3052 1082 3126 vivendi
1101 3052 1353 3128 sacerdotum
1369 3071 1438 3129 etc.
1452 3098 1499 3112 -
1519 3054 1694 3156 impressa
1713 3056 1893 3131 Coloniae

277 3196 348 3271 per
369 3171 566 3243 Martanum
592 3172 638 3246 de
665 3173 843 3258 Wardena
864 3185 932 3245 etc.
958 3213 1007 3231 -
1025 3172 1139 3244 Anno
1166 3171 1325 3245 Domini
1348 3173 1457 3248 M.D.
1467 3173 1534 3247 IX.
1566 3173 1626 3248 die
1653 3173 1788 3249 Lunae
1809 3178 1893 3274 post

282 3289 415 3364 festum
437 3289 643 3363 nativitatis
660 3290 788 3364 Sancti
804 3290 882 3365 Ioh.
908 3287 1095 3391 Baptistae
1112 3289 1223 3366 Char.
1245 3291 1348 3391 goth.
1371 3291 1506 3368 minut.
1523 3293 1603 3373 foll.
1622 3319 1678 3367 ao.
1697 3319 1777 3368 non
1801 3291 1890 3393 fign.

282 3409 345 3481 lin.
368 3408 425 3479 31.
452 3407 485 3480 8.
1243 3443 1245 3446 >

353 3591 359 3605 .
470 3549 598 3602 Panaeti
613 3546 718 3601 Annei.
738 3546 869 3620 Typogr.
888 3546 923 3600 T.
934 3544 961 3601 6.
979 3564 1007 3620 p.
1027 3545 1091 3618 367.
1123 3548 1160 3601 N.
1186 3543 1245 3621 184.

381 3767 458 3838 127.
473 3778 521 3794 -
548 3737 676 3811 Bz‘blt'a
701 3738 823 3809 Sacra.
847 3735 926 3810 Fol.
959 3764 987 3810 1.
1006 3763 1085 3810 non
1107 3737 1192 3836 fign.
1224 3736 1269 3811 ad
1297 3738 1513 3814 divinarum
1543 3740 1757 3816 litterarum
1776 3767 1888 3815 vera-

280 3884 444 3960 rumque
473 3855 694 3932 divitiarum
718 3872 906 3929 amatores
931 3855 1157 3930 exhortatio.
1191 3855 1255 3929 fol.
1279 3884 1313 3930 a.
1335 3857 1443 3931 Modi
1470 3857 1704 3959 intelligendi
1730 3857 1889 3933 Sacram

282 3977 590 4077 scripturam—
606 3974 669 4048 fol.
691 4005 718 4047 ι.
742 3972 827 4072 fign.
846 3970 980 4073 incipit
996 3974 1159 4074 Epistola
1173 3973 1273 4048 beati
1284 3976 1557 4077 iheronymt'ad
1568 3977 1765 4051 Paulinum
1780 4001 1888 4076 pres·

282 4095 461 4194 hyterum
481 4096 527 4170 de
542 4094 720 4169 omnihus
740 4091 888 4168 divinae
908 4091 1081 4166 historiae
1101 4092 1206 4167 libris
1218 4130 1265 4153 -
1281 4094 1344 4167 fol.
1362 4095 1467 4168 alin.
1482 4097 1513 4169 5.
1532 4095 1666 4196 incipit
1678 4093 1890 4170 Geneiis-

283 4212 346 4285 fol.
366 4213 448 4311 347.
462 4213 497 4285 b.
516 4213 578 4285 lin.
596 4215 654 4287 26.
672 4211 871 4288 immensas
887 4209 973 4285 Deo
984 4209 1240 4311 omnipotenti
1253 4228 1321 4285 etc.
1335 4213 1542 4312 gratiarum
1553 4213 1753 4306 referimua
1771 4210 1891 4286 actio-

283 4354 351 4403 nes
364 4369 409 4385 ·-
429 4329 647 4429 impreilurn
665 4335 713 4406 est
731 4331 904 4430 Lugduni
916 4356 986 4430 per
1001 4329 1220 4428 Magistrum
1236 4323 1403 4402 Iacobum
1416 4333 1533 4405 Sacoa
1549 4331 1588 4404 in
1604 4347 1685 4407 arte
1696 4328 1891 4432 impreffo·
1911 4333 1912 4336 ’

283 4446 341 4521 ria
356 4446 646 4521 dissertiffimum
663 4449 777 4521 Anno
800 4449 847 4522 ab
864 4447 1122 4522 incarnatione
1140 4445 1284 4520 domini
1304 4448 1485 4523 miiefimo
1503 4446 1803 4551 quingentefimo
1818 4473 1890 4522 no-

282 4593 347 4642 no.
366 4568 414 4640 X.
434 4565 494 4640 die
514 4563 746 4640 Novembris
762 4565 1033 4663 Registrum-
1056 4565 1195 4664 insigne
1212 4567 1442 4668 typographi
1453 4568 1487 4643 J.
1497 4568 1534 4643 S.
1558 4565 1659 4642 Char
1670 4567 1773 4670 goth.
1792 4564 1890 4666 glos·

283 4685 342 4763 sae
358 4685 516 4787 margin.
535 4685 613 4758 foll.
634 4683 716 4782 347.
741 4683 825 4782 fign.
845 4683 907 4756 lin.
926 4685 983 4756 60.
1002 4683 1025 4756 f.

477 4825 647 4884 Editionom
673 4823 761 4881 huius
797 4823 913 4881 Bibliaa
936 4822 1028 4880 solum
1062 4822 1140 4899 apud
1156 4821 1182 4880 le
1198 4820 1284 4899 laag
1300 4824 1333 4883 in
1351 4822 1536 4883 Bibliotheca
1560 4829 1647 4884 Sacra
1676 4827 1749 4919 Tm.
1777 4822 1885 4900 Cap.4.
