4320 5700
693 641 932 702 emmaus
958 639 1333 698 ammoneremus
1359 640 1482 699 MDXI.
1843 631 1890 726 59

279 833 385 930 giuur
401 824 680 927 imprellorium
697 826 793 898 lulli
810 824 859 896 ΙΙ.
879 819 1074 894 Pontificis
1089 836 1157 893 etc.
1174 859 1227 876 ¹-
1248 846 1336 892 cam
1353 821 1464 923 icone
1483 820 1521 893 S.
1538 818 1616 892 tot.
1629 818 1824 918 Baptzstee.
1835 863 1889 887 -.

279 953 384 1024 Haec
404 950 442 1021 in
459 947 595 1020 fronte.
614 944 737 1016 -101,
754 944 812 1040 69.
830 941 892 1012 lin.
911 939 969 1012 28.
984 937 1279 1010 Ennarrationes
1301 937 1340 1008 in
1359 937 1616 1012 Ovidiumee
1639 938 1803 1012 tristibus
1829 940 1885 1013 di-

275 1070 436 1167 ligenter
453 1082 490 1139 et
506 1080 677 1138 accurate
697 1059 921 1160 compolrtae
937 1056 985 1130 ab
997 1054 1243 1130 eruditillimo
1255 1054 1338 1126 viro
1358 1055 1641 1128 Bartholomaeo
1656 1056 1800 1129 Merula
1812 1059 1884 1132 im-

154 1184 166 1207 '
280 1185 410 1286 prellit
431 1185 586 1255 Venete'r's
603 1181 662 1255 vir
682 1174 980 1276 diligentillimus
1003 1190 1041 1246 et
1062 1171 1262 1245 industrius
1279 1173 1437 1244 loannes
1464 1172 1509 1245 de
1524 1175 1644 1245 Cereto
1671 1173 1717 1247 de
1743 1175 1892 1251 Trrilr'no

280 1305 380 1377 alces
407 1301 595 1373 Taceritus.
613 1299 728 1371 Anno
743 1293 869 1369 salutis
902 1290 1079 1364 1511;.die
1096 1290 1225 1362 XXV.
1243 1289 1351 1362 Jum'r'
1366 1290 1556 1362 Loredano
1577 1290 1671 1364 duce
1691 1287 1836 1392 inclyto
1848 1323 1892 1369 ac

278 1417 485 1516 lelicilfimo
511 1429 753 1514 regnante-
768 1411 907 1508 infigne
923 1410 1094 1507 Typogr.
1112 1406 1177 1480 fol.
1192 1406 1285 1507 leqs.
1302 1406 1416 1480 index
1436 1406 1563 1480 Barth.
1581 1409 1745 1506 Merulae
1771 1411 1884 1486 Char.

279 1537 341 1610 lat.
362 1535 490 1632 grand.
512 1534 551 1606 in
565 1548 685 1616 textu,
703 1529 856 1605 minule.
878 1526 916 1600 in
938 1541 1143 1599 comment.
1152 1524 1229 1598 1011.
1248 1527 1306 1621 69.
1329 1524 1416 1622 fign.
1429 1552 1463 1598 2.
1484 1526 1820 1625 000115011045.
1849 1531 1889 1602 10

278 1652 482 1726 comment.
500 1653 557 1724 62.
577 1647 711 1747 glollae
731 1648 851 1744 Marg.
871 1651 905 1732 4.
923 1663 975 1716 ex
988 1645 1197 1720 collectione
1210 1642 1446 1716 Herbt'zr'ane.
1544 1640 1546 1645 ’

472 1791 604 1845 Penzerr'
623 1787 728 1843 Annal.
744 1787 877 1860 Typogr.
896 1779 969 1838 T.8.
981 1791 1087 1857 ‘p.404.
1107 1783 1150 1838 N.
1157 1785 1219 1857 349.

984 1951 1036 2024 M.
1047 1952 1095 2024 D.
1107 1951 1196 2024 XII.

340 2129 343 2134 ·
377 2123 455 2192 17¹·
477 2136 526 2152 --
545 2095 590 2166 ln
607 2090 797 2193 hoe'oper'e
815 2106 995 2164 contenta:
1014 2088 1228 2188 Theologia
1245 2090 1506 2187 Dammaseem'
1518 2072 1682 2192 quatuor
1698 2093 1803 2167 libris
1823 2122 1887 2170 ex-

274 2215 427 2314 lplicata
444 2229 482 2285 et
500 2196 646 2286 adiecto
663 2211 710 2283 ad
729 2211 941 2283 litterarum
959 2194 1236 2281 commentario
1255 2191 1449 2281 elucitlata.
1464 2212 1493 2279 I.
1514 2206 1560 2282 de
1580 2209 1763 2282 ineffabili
1790 2212 1887 2286 divi-

158 2401 163 2409 .
276 2333 406 2405 nitate.
428 2372 477 2386 -
502 2332 549 2400 II.
567 2327 614 2402 de
630 2343 894 2400 creaturarum
915 2326 1069 2412 Genefi,
1099 2325 1233 2398 ordine
1244 2325 1393 2399 Moleos
1409 2352 1458 2382 -·-
1486 2329 1551 2398 III.
1569 2326 1615 2399 de
1636 2328 1700 2414 iis,
1727 2355 1823 2428 quae
1844 2332 1891 2404 ab

278 2447 537 2523 incarnatione
550 2444 669 2545 ulque
688 2445 735 2518 ad
752 2443 1068 2517 resurrectionem
1088 2430 1299 2515 610101.-
1316 2446 1380 2514 IV.
1401 2444 1447 2516 de
1466 2442 1528 2529 iis,
1549 2472 1645 2545 quae
1663 2449 1743 2546 post
1769 2447 1890 2520 resur-

277 2565 488 2637 rectionem
514 2564 630 2664 ulque
648 2560 970 2636 adnuniverlalem
995 2560 1321 2634 resurrectionem.
1354 2601 1400 2617 -
1421 2560 1526 2634 Haec
1558 2563 1596 2634 in
1620 2563 1746 2637 fronte
1770 2564 1889 2638 limbo

277 2682 391 2754 inciso
412 2696 562 2766 ornata,
582 2697 620 2753 et
640 2678 747 2753 infra.
776 2669 882 2753 Haec
902 2678 1127 2775 Damascem‘
1140 2664 1478 2775 cum'expolltione
1500 2679 1625 2780 prima
1647 2681 1814 2754 aemillio
1833 2699 1893 2782 ty-

276 2799 335 2898 pis
354 2797 522 2872 absoluta
543 2801 592 2870 est
612 2797 767 2892 Parisiis
781 2820 828 2869 ex
851 2794 1006 2868 officina
1022 2797 1177 2866 Henrr'cr'
1191 2794 1369 2893 Stephani
1386 2793 1431 2866 de
1449 2796 1628 2893 regionae
1647 2799 1807 2873 Scholae
1828 2800 1891 2874 de·
1975 2820 1978 2825 “

275 2934 471 2991 cretorum
490 2917 607 2987 Anno
626 2913 759 2986 Christi
776 2913 951 2986 omnium
969 2912 1177 2985 conditoris
1196 2930 1234 2989 et
1251 2912 1410 2985 rectoris
1428 2913 1479 2984 M.
1496 2913 1544 2986 D.
1561 2914 1649 2986 XII.
1677 2895 1889 2992 Nonis‘F‘e-

274 3033 401 3108 bruar.
422 3074 468 3088 -
486 3032 548 3105 101.
563 3059 595 3104 2.
621 3032 748 3104 Iudocr'
768 3029 997 3102 Chriclrtoeer'
1017 3028 1180 3127 Epillola
1199 3029 1245 3102 ad
1274 3029 1394 3101 Iacob.
1414 3030 1638 3128 Ambtosriem
1657 3033 1775 3131 Epilc.
1805 3038 1890 3108 Cle-

212 3155 218 3165 *
278 3167 535 3224 romontanum.
554 3189 605 3204 --
621 3148 683 3221 101.
702 3148 735 3220 3.
758 3147 888 3247 Opera
906 3146 1126 3219 Damasceni
1146 3147 1229 3219 finit
1245 3146 1308 3218 101.
1331 3146 1419 3218 203.
1438 3147 1474 3219 h.
1495 3146 1557 3219 lin.
1573 3148 1632 3232 23,
1659 3151 1799 3224 Eximii
1818 3153 1888 3227 Pa-

275 3268 345 3340 tris
363 3269 467 3339 loen.
496 3265 720 3360 Damascenr'
747 3264 792 3336 de
819 3263 1035 3337 orthodoxa
1056 3262 1129 3334 lide
1155 3262 1251 3334 liber
1274 3278 1342 3335 etc.
1362 3303 1412 3318 —
1439 3262 1630 3339 absolutus
1654 3272 1702 3341 est
1732 3270 1888 3343 Perr'r'rs

275 3413 346 3484 per
366 3386 563 3457 Henrritum
581 3381 799 3480 Stephanum
817 3424 863 3437 -
879 3367 992 3454 Anno
1006 3378 1165 3454 Domini
1191 3378 1316 3453 salutis
1338 3395 1375 3454 et
1400 3380 1487 3454 fidei
1514 3384 1685 3457 authoris
1707 3364 1887 3460 duodeci·

275 3530 340 3576 mo
371 3503 481 3601 supra
506 3498 733 3581 milefimum
761 3514 800 3571 et
827 3497 1168 3599 quingentesimum
1197 3497 1317 3570 Nonis
1343 3497 1571 3573 Februariis.
1601 3544 1651 3563 -
1680 3502 1792 3577 Char.
1821 3506 1883 3581 lat.

275 3618 409 3718 glollae
428 3643 544 3714 marg.
563 3615 640 3688 1011.
661 3614 744 3686 203.
760 3613 847 3711 fign.
862 3613 926 3687 lin.
943 3614 982 3685 in
1002 3614 1130 3688 Textu
1148 3616 1203 3711 59.
1228 3614 1266 3686 10
1288 3633 1450 3690 coment.
1471 3623 1528 3705 44.
1548 3617 1571 3689 1.

468 3757 597 3812 Panzeri
614 3753 719 3808 Annal.
740 3754 871 3827 Typogr.
894 3753 928 3806 T.
941 3773 966 3826 7.
987 3752 1088 3827 p.564.
1109 3753 1147 3807 N.
1159 3752 1225 3813 550.

378 3952 456 4024 172.
475 3964 520 3980 -
537 3918 773 4021 Rebileffeplt
799 3916 1024 4020 Hyffirpeeus
1041 3913 1340 4018 Parpinianenlts
1371 3923 1596 3997 iudaeorum
1618 3942 1733 4022 poeta
1756 3927 1887 4001 dulcit-

275 4045 401 4118 llimus
418 4069 466 4114 ex
488 4040 665 4113 hebraica
681 4039 808 4136 lingua
828 4039 866 4109 10
886 4037 1040 4109 latinam
1060 4035 1255 4109 traductus
1278 4066 1300 4110 a
1327 4040 1468 4111 Ioanne
1483 4041 1664 4113 Heuchlrir
1684 4043 1886 4120 Phorcenll

276 4165 405 4258 legum
422 4158 677 4256 imperialium
697 4153 867 4228 doctore.
887 4198 928 4211 -
952 4155 1057 4226 Haec
1074 4153 1113 4226 10
1130 4154 1266 4227 lronte.
1286 4197 1329 4210 —
1359 4156 1519 4254 Epistola
1534 4135 1736 4233 Reuchlrize'
1752 4164 1797 4237 ad
1815 4168 1886 4239 stu-

275 4276 399 4352 diosos
424 4317 462 4332 ·-
481 4275 544 4346 101.
562 4275 596 4346 8.
615 4275 650 4346 b.
673 4273 735 4346 lin.
756 4300 785 4370 7.
807 4272 890 4345 finit
909 4271 1012 4343 Rebi
1028 4271 1152 4370 Ioseph
1172 4272 1398 4371 Hyffopaeus
1413 4300 1528 4373 quem
1550 4280 1885 4356 transtulitetc.··-

279 4399 397 4470 Anno
418 4391 624 4466 M.D.Xll.
641 4390 743 4464 lexto
759 4391 947 4465 Kalendas
967 4389 1095 4463 Martii
1116 4389 1302 4486 liebrirgae
1320 4391 1357 4462 i'n
1383 4390 1536 4466 aedibus
1554 4396 1723 4492 Anselmz'
1740 4401 1886 4473 Buden-

261 4516 326 4612 sis
352 4509 480 4587 mense
499 4507 640 4582 Martio
659 4507 798 4607 inlrgne
820 4525 970 4608 typogr.
989 4507 1101 4580 Char.
1130 4509 1190 4580 lat.
1219 4506 1310 4606 eleg.
1333 4507 1408 4582 loll.
1430 4509 1464 4582 8.
1488 4538 1567 4585 000
1582 4514 1668 4614 ligni
1692 4517 1755 4589 lin.
1776 4545 1832 4615 29·
1851 4526 1883 4605 4.

472 4643 722 4703 PanzerlAunal.
744 4647 873 4721 Typogr.
894 4648 929 4702 T.
945 4641 974 4702 8.
991 4665 1021 4721 p.
1030 4649 1092 4702 322.
1115 4645 1150 4700 N.
1167 4663 1201 4699 10
1219 4647 1321 4702 Mutet.
1342 4649 1377 4703 T.
1389 4665 1422 4703 2:
1433 4667 1461 4723 p.
1480 4645 1541 4704 288.

381 4818 458 4914 173.
475 4861 521 4923 ·7·
543 4817 732 4892 Decretum
751 4841 895 4890 aureum
909 4815 1069 4898 Domini
1081 4817 1254 4890 Gratiani
1264 4843 1351 4891 curn
1368 4816 1434 4901 luo
1453 4832 1654 4915 apparatu:
1675 4817 1762 4891 huic
1774 4846 1884 4918 prae.

1408 4934 1445 5004 H
1471 4960 1493 5003 2
1575 4953 1581 4965 ·
1712 4933 1716 4938 ’
