4320 5700
693 626 1334 693 carnosusmanoonarmcos
1360 627 1468 686 nux.
1712 599 1714 601 '
1842 620 1884 691 51

280 817 484 896 Laudensrs
504 831 640 917 poetae
654 812 841 891 clarissimi
869 811 966 884 liber
994 809 1186 884 Aeneidos
1212 810 1316 882 Xlll.
1342 808 1491 883 additus
1511 807 1598 886 Xll.
1627 808 1688 882 lib.
1716 838 1793 886 ver.
1821 813 1885 887 sol.

281 942 363 1041 39ο.
383 940 443 1013 lin.
469 942 521 1026 14.
544 933 627 1009 sinis
644 933 831 1007 librorum
849 928 1042 1004 Aeneidos
1063 954 1151 1001 cum
1168 926 1341 1001 familiari
1363 927 1638 1027 explanatione.
1658 969 1705 985 -
1722 930 1784 1005 fol.
1803 932 1885 1029 391.

278 1085 359 1134 non
382 1057 469 1156 slgn.
487 1052 620 1153 incipit
635 1050 748 1124 index
771 1074 921 1123 vocum.
940 1089 990 1106 -
1006 1046 1069 1119 sol.
1084 1046 1166 1144 396.
1186 1046 1249 1119 lin.
1267 1074 1319 1142 17.
1343 1045 1534 1119 lohannes
1554 1046 1769 1121 Knoblauch
1791 1050 1885 1125 civis

279 1172 562 1275 Argentinensls
582 1167 774 1271 impressit.
793 1197 827 1242 v.
846 1168 927 1240 Kal.
950 1164 1093 1265 Aprilis
1109 1191 1208 1238 anno
1238 1164 1361 1238 salutis
1388 1163 1617 1241 Christianae
1640 1167 1902 1270 M.D.lX.-l
2008 1185 2016 1195 '

281 1296 343 1369 sol.
367 1295 449 1392 397.
469 1289 749 1365 Annotationes
771 1287 937 1385 Phihppi
951 1283 1199 1357 Beroaldr'etc.
1219 1282 1280 1356 sol.
1296 1284 1378 1372 415.
1395 1283 1429 1356 b.
1452 1283 1568 1358 lndex
1595 1287 1888 1362 annotationum

280 1412 343 1485 fol.
362 1413 444 1502 416.
462 1411 524 1484 lin.
546 1435 603 1506 29.
623 1406 788 1479 Phorcae
803 1402 928 1478 mense
945 1401 1069 1505 Aprili
1088 1401 1255 1496 Mox.
1275 1402 1387 1475 Char.
1405 1402 1465 1476 lat.
1486 1401 1615 1500 grand.
1636 1403 1674 1476 in
1695 1421 1803 1479 textu
1815 1408 1886 1480 mi.
2004 1411 2018 1423 “’

278 1527 378 1603 nuso.
399 1529 437 1601 in
456 1542 651 1601 comment
673 1522 806 1624 glossae
823 1520 982 1621 margin.
1000 1521 1076 1594 soll.
1094 1547 1197 1594 num.
1219 1536 1257 1593 et
1273 1547 1352 1593 non
1369 1546 1473 1593 num.
1489 1522 1573 1609 416,
1591 1520 1653 1594 lin.
1684 1539 1809 1597 textus
1829 1524 1886 1599 30.

283 1646 500 1722 Commeat.
525 1651 583 1733 4ο,
602 1648 635 1732 4.
726 1729 728 1732 ⁴
1135 1712 1138 1719 ,

469 1766 620 1822 Ponzerus
639 1761 672 1815 in
689 1758 794 1814 Annal.
813 1752 945 1833 Typogr.
965 1756 999 1813 T.
1009 1751 1036 1811 8.
1057 1756 1162 1830 p.232.
1179 1756 1218 1811 N.
1228 1756 1277 1830 34.
1289 1755 1406 1829 quidem
1423 1754 1753 1815 indicatArmotationes
1770 1762 1888 1817 Beroal-

566 1854 599 1910 dt
625 1854 658 1909 in
684 1852 864 1928 virgiuum,
891 1849 1086 1927 praecedentis
1111 1867 1183 1906 vero
1208 1849 1303 1924 operis
1326 1848 1376 1905 sub
1395 1869 1471 1906 anno
1496 1853 1574 1927 1509.
1599 1853 1725 1928 impressi
1750 1853 1833 1910 nulla
1858 1854 1890 1910 fit

567 1961 687 2002 mentio.

379 2123 456 2214 147.
475 2157 524 2177 -
543 2115 683 2190 Valerii
695 2113 859 2187 Maxzim'
876 2137 973 2210 opus
995 2110 1204 2209 interprete
1235 2112 1391 2185 Olieerzi)
1417 2129 1454 2188 et
1477 2114 1607 2212 paucis
1636 2119 1891 2193 annotationi·

277 2238 348 2309 bus
359 2291 367 2321 ,
378 2261 480 2334 -quas
500 2231 680 2305 Arcadzits
697 2230 760 2304 ille
777 2228 845 2303 sub
865 2228 1061 2327 Theophili
1072 2228 1228 2302 nomine
1245 2229 1478 2328 marginibus
1498 2231 1686 2331 inscripslt.
1716 2235 1758 2308 ld
1774 2236 1889 2312 Anto-

277 2355 361 2426 nius
378 2351 503 2424 Lenos
520 2347 736 2450 praeclarae
757 2346 893 2420 indolis
917 2344 1128 2420 adolescens
1150 2347 1374 2444 recognovit
1394 2364 1462 2422 etc.
1482 2391 1533 2408 ·-
1558 2352 1653 2438 Vale
1671 2352 1823 2430 Lector.
1843 2398 1885 2416 -

277 2471 382 2544 Haec
402 2469 441 2542 in
460 2470 586 2542 fronte
605 2491 693 2540 oum
717 2461 819 2563 figno
844 2478 995 2563 typogr.
1013 2463 1190 2564 ¹inscripta
1214 2451 1391 2539 Nr'eolam
1417 2449 1658 2567 Gorgonzola.
1683 2471 1722 2544 P.
1752 2516 1798 2531 -
1823 2475 1888 2558 sol.
1987 2500 1990 2501 ⁷

278 2588 415 2662 eodem
430 2587 466 2658 b.
484 2584 676 2659 adornatis
699 2580 919 2657 adolescent.
942 2582 1160 2682 Stephanum
1180 2599 1248 2657 etc.
1266 2626 1316 2641 -
1331 2585 1554 2686 Sequuntur
1563 2588 1732 2664 Tabulae
1749 2606 1786 2664 et
1807 2598 1888 2690 post

282 2706 336 2779 18.
353 2705 431 2778 soll.
449 2729 529 2777 non
551 2702 637 2800 sign.
668 2699 802 2801 incipit
827 2700 890 2773 sol.
920 2728 947 2774 1.
974 2701 1161 2799 Prologus
1181 2741 1226 2760 -
1249 2701 1312 2775 fol.
1329 2710 1410 2791 224.
1439 2703 1524 2804 sign.
1555 2706 1619 2779 lin.
1641 2707 1699 2796 34.
1732 2710 1888 2808 explicit

278 2849 377 2923 opus
401 2819 811 2916 ValeriiMaxzim'cum
829 2817 1112 2926 commentariis
1130 2817 1348 2918 impressum
1360 2821 1569 2894 Medeolam'
1581 2824 1690 2896 M.D.
1703 2824 1752 2898 X.
1762 2826 1887 2924 pridie

191 2968 198 2976 ·
277 2941 343 3014 cal.
363 2938 519 3038 Augusti
541 2937 653 3012 Char.
670 2937 730 3010 lat.
751 2933 884 3035 glossae
902 2962 1019 3036 marg.
1040 2934 1118 3010 foll.
1136 2962 1241 3010 num.
1262 2953 1299 3012 et
1316 2964 1397 3012 non
1414 2964 1519 3014 num.
1534 2945 1616 3029 242.
1638 2940 1701 3015 lin.
1721 2941 1761 3016 in
1777 2959 1886 3021 textu

276 3057 336 3134 sol.
354 3057 478 3133 ultimi
503 3056 556 3130 13.
575 3056 614 3129 in
633 3068 837 3130 comment.
857 3053 913 3126 35.
934 3053 958 3125 s.

469 3197 598 3252 Panzeri
615 3194 723 3250 Annal.
741 3194 874 3268 Typogr.
895 3193 930 3246 T.
940 3215 966 3265 7.
983 3213 1013 3267 p.
1024 3195 1086 3268 390.
1105 3194 1143 3248 N.
1153 3212 1198 3269 97.
1222 3214 1257 3249 ex
1272 3193 1443 3250 brevissima
1461 3194 1549 3251 huius
1568 3196 1799 3272 praestantissimi
1816 3221 1884 3280 ope·

565 3287 607 3340 ris
623 3285 802 3340 indicatione
822 3283 943 3349 dubito,
961 3299 1058 3338 utrum
1075 3303 1150 3338 unus
1168 3286 1375 3340 recensendum
1393 3285 1424 3340 id
1443 3288 1540 3364 reapse
1555 3289 1673 3348 viderit.

377 3455 455 3544 148.
477 3497 524 3515 -
544 3451 671 3560 Straho
688 3453 734 3526 de
753 3455 830 3525 Situ
848 3451 953 3525 orbo.
972 3452 1145 3527 —.Haec
1162 3452 1202 3525 in
1218 3452 1344 3528 sronte
1356 3497 1404 3512 -
1417 3482 1505 3532 cum
1525 3459 1633 3535 icone
1650 3462 1887 3567 -sequitur

276 3573 405 3649 tabula
429 3573 506 3646 soll.
532 3574 584 3646 15.
602 3596 684 3645 non
708 3569 795 3668 fign.
815 3568 850 3642 b.
867 3612 914 3628 -·
931 3568 1096 3669 Epistola
1120 3566 1242 3645 Aaron
1263 3573 1485 3649 Manczirellz'
1508 3577 1554 3650 ad
1579 3579 1755 3674 Iustinum
1779 3588 1887 3659 Cera-

263 3692 373 3791 Jium.
391 3732 438 3748 -
454 3690 519 3764 sol.
541 3717 569 3764 1.
594 3686 957 3787 Chrestophon’m'gri
969 3714 1124 3763 carmen
1151 3688 1196 3763 ad
1222 3690 1274 3764 Io.
1292 3693 1418 3767 Franc.
1437 3695 1648 3770 Daedalum
1670 3699 1717 3773 de
1737 3701 1886 3777 miseria

274 3810 376 3886 vitae
395 3807 590 3885 secularis:
613 3821 652 3882 et
667 3805 873 3880 nonnullae
890 3806 1050 3881 aliae-
1062 3805 1127 3879 sol.
1145 3808 1176 3881 5.
1188 3808 1377 3883 Strabom's
1395 3811 1481 3884 libri
1491 3791 1615 3887 XVll.
1627 3814 1825 3915 incipiunt.
1839 3862 1886 3877 -

274 3929 339 4002 sol.
362 3929 440 4002 150.
461 3925 645 4000 Scribom's
659 3920 836 4019 Amaseiu‘
849 3921 1042 4022 scriptoris
1060 3922 1207 3997 illustris
1225 3926 1491 4028 Geographiae
1505 3956 1602 4031 opus
1618 3932 1702 4005 finit
1717 3934 1883 4011 shneth's.

275 4045 446 4144 Phihppo
468 4042 644 4144 principe
671 4042 882 4115 Mantuano
911 4038 1131 4140 impressum
1160 4067 1260 4116 armo
1291 4043 1451 4118 Domini
1480 4048 1532 4120 M.
1548 4048 1723 4126 CCCCC.
1740 4051 1791 4127 X.
1822 4055 1884 4132 die

273 4163 380 4236 Xlll.
395 4160 490 4234 Julii
506 4160 622 4234 seren.
640 4159 689 4232 D.
709 4159 758 4233 D.
775 4160 963 4232 Leonardi
975 4158 1221 4264 Venetiarum
1239 4157 1344 4233 ducis
1361 4169 1589 4262 tempestate.
1605 4168 1818 4269 Registrum
1834 4217 1886 4239 ..-

273 4305 409 4355 omnes
429 4277 539 4352 terni.
558 4276 668 4350 Char.
686 4277 748 4351 lat.
767 4275 901 4374 glossae
920 4301 1036 4375 marg.
1055 4275 1117 4351 liu.
1135 4279 1192 4351 61.
1211 4277 1235 4351 s.
1306 4310 1311 4331 .

466 4417 598 4472 Panzere'
610 4413 716 4470 Annali.
736 4415 869 4489 Typogr.
890 4416 925 4470 T.
937 4411 965 4472 8.
984 4417 1218 4492 p.401.N.519.

376 4593 520 4687 149···
543 4585 796 4685 Compendzosa
814 4587 943 4687 cephis
961 4584 1326 4686 Physz'ez'declar'atio
1341 4587 1611 4692 principalium
1629 4594 1784 4671 humani
1798 4626 1882 4673 cor-

273 4706 380 4809 poris
402 4705 666 4781 membrorum
686 4705 823 4804 figuras
840 4702 987 4805 liquido
1003 4703 1475 4808 ostendens'Philosophiae
1489 4713 1651 4786 alumnis
1676 4714 1881 4789 admodum

179 4927 195 4944 .-
274 4826 462 4927 prolitura
486 4869 538 4886 -
565 4851 656 4903 cum
669 4824 918 4938 Epigramate
936 4823 1102 4932 duorum
1114 4823 1363 4911 ‚distichorum
1379 4828 1425 4904 ad
1440 4827 1691 4929 spectatorem
1712 4830 1751 4903 in
1775 4830 1881 4908 fron·

1511 4945 1546 5016 G
1572 4972 1594 5016 a
