4320 5700
270 574 342 649 226
667 592 910 651 curaturus
935 590 1311 652 arnuoonarnrcus
1336 590 1471 649 unxc.

268 771 335 845 fol.
356 797 389 843 a.
417 770 614 871 Elegia-
640 771 725 847 finit
751 799 840 847 cum
861 770 1033 847 luscianis
1051 771 1116 848 lol.
1134 775 1168 849 d
1183 772 1220 849 b.
1237 815 1286 832 -
1308 772 1420 847 Char.
1449 766 1633 845 mediocr.
1662 766 1798 866 grand.
1820 768 1893 843 ele·

274 915 376 986 gans.
397 888 475 964 foll.
491 890 525 963 6.
544 915 624 963 non
642 890 789 990 signata.
808 891 872 966 lin.
889 892 945 980 34.
966 897 999 980 4.

466 1026 584 1085 Nullibi
602 1028 784 1106 descriptum.

367 1163 450 1262 695.
477 1205 527 1220 -
554 1163 693 1237 Chorus
716 1161 900 1260 Mssarwn
918 1161 1218 1238 reverendillim.
1236 1164 1376 1263 patris,
1404 1158 1701 1263 amplissimique
1716 1158 1896 1243 Domini,

272 1282 320 1355 D.
338 1281 576 1381 Baltlrasan's
592 1283 846 1370 Poltzmanm',
873 1282 1106 1357 celleberimi
1125 1280 1339 1356 monasterii
1355 1282 1391 1353 N
1394 1278 1640 1380 euburgenlis
1658 1278 1703 1353 in
1726 1278 1896 1379 Austnir,

273 1401 475 1500 praeposui
494 1400 716 1500 dignillimi,
745 1417 814 1476 etc.
844 1401 947 1477 diem
963 1401 1129 1475 natalem
1152 1426 1292 1500 magno
1315 1398 1497 1501 applausu
1510 1397 1893 1486 concelebrantium,

272 1518 312 1591 in
344 1519 647 1618 qualemcunque
674 1545 746 1618 pro
778 1519 989 1591 innumeris
1012 1518 1226 1605 beneficiis,
1250 1517 1296 1593 ab
1323 1516 1461 1593 eodem
1480 1517 1654 1593 Domino
1675 1516 1896 1617 Praepofite

274 1636 454 1737 persaepe
472 1638 512 1709 in
530 1636 667 1709 fratres
686 1637 719 1707 S.
739 1636 928 1733 Francrsti·
945 1635 993 1709 de
1007 1622 1246 1711 observantia
1264 1635 1476 1711 liberaliter
1501 1632 1671 1723 collatis,
1698 1636 1798 1735 grati
1821 1636 1896 1711 ani·

276 1755 331 1827 mi
361 1754 655 1829 declarationem
680 1752 860 1855 scriptus:
886 1756 925 1827 F.
943 1755 1090 1828 Joanne
1109 1755 1310 1829 Domem'co
1330 1752 1441 1853 Hess,
1470 1752 1645 1827 eiusdem
1669 1753 1764 1828 ord:
1795 1754 1891 1829 min:

280 1871 329 1946 de
348 1871 543 1946 observan.
563 1871 1105 1970 Authore.ViennaeAustr1he
1125 1874 1181 1944 Ex
1201 1872 1358 1947 officina
1377 1870 1661 1977 typographica
1679 1870 1821 1947 viduae
1831 1872 1898 1949 Mi-

279 1990 423 2063 abaelis
438 1987 588 2091 Apselii.
617 1991 733 2065 Anno
760 1992 811 2065 M.
823 1991 960 2065 ΠΧΩ.
989 2033 1034 2050 -
1053 1992 1159 2065 Haec
1181 1992 1221 2065 in
1241 1990 1435 2067 fronte-
1450 1990 1561 2065 fota.
1591 1989 1731 2091 incipit
1753 1992 1893 2065 chorus

188 2190 191 2195 ,
278 2108 475 2184 Musarum
493 2152 543 2167 -
559 2110 582 2183 s.
602 2112 655 2183 15.
673 2111 839 2184 Carmen
861 2110 1129 2184 hexametrum
1147 2108 1193 2183 ad
1210 2109 1481 2185 Reverendum
1504 2110 1545 2183 C.
1566 2108 1795 2195 Decanum,
1815 2136 1892 2182 cae·

279 2226 478 2327 terolque3
498 2254 612 2301 verae
628 2227 781 2327 pietatis
803 2244 841 2302 et
856 2226 1083 2303 eruditionis
1102 2225 1212 2301 laude
1226 2225 1556 2325 praestantillimos
1567 2225 1763 2301 Dominus
1782 2252 1891 2325 cano·

274 2347 383 2418 nicos
405 2344 849 2444 Claustra-Neuburgenst's
875 2345 1121 2419 directum-
1138 2343 1222 2418 finit
1240 2344 1416 2421 heodem
1431 2344 1466 2420 b.
1490 2350 1542 2435 14.
1562 2350 1657 2419 cum'
1674 2342 1828 2421 licentia
1839 2341 1893 2419 lu·

272 2464 483 2564 periurum.
504 2462 615 2537 Char.
635 2464 787 2562 grandis
804 2490 875 2563 per
893 2478 1030 2537 totum.
1053 2460 1117 2536 fol.
1134 2468 1187 2552 ι4.
1209 2489 1289 2538 non
1306 2462 1453 2565 ssgnata
1479 2462 1542 2537 lin.
1556 2470 1665 2553 2044
1737 2550 1746 2555 ,

466 2603 503 2660 V.
523 2602 610 2658 Nota.
630 2600 666 2657 ad
681 2602 720 2657 N.
738 2605 803 2658 520.

369 2738 452 2839 696.
479 2777 528 2793 -
558 2736 849 2809 Pertumm'anum
872 2737 1199 2835 heroicelegz'acum
1219 2736 1331 2813 novis
1365 2736 1521 2813 artilicis
1538 2734 1707 2839 poeticis
1728 2736 1893 2813 elabora-

274 2877 358 2935 tum
376 2861 544 2935 constans
562 2854 751 2956 parodiis,
770 2855 1023 2943 antitheticis,
1041 2854 1323 2958 euryphallicis‚
1343 2855 1629 2959 perileptianis,
1657 2852 1897 2955 dialogismis.

279 2975 566 3079 epanodoticis,
586 2976 798 3076 parallelis,
826 2974 1130 3074 centoparodiis,
1158 2973 1609 3076 bucolicis,lyneriticis,
1626 2972 1896 3050 tlichodilecti·

279 3097 356 3183 cis,
377 3093 558 3183 leoninis,
579 3093 847 3193 anaphoricis,
878 3091 1213 3194 paronomaliacis,
1241 3092 1518 3195 pyrrhichius,
1543 3092 1790 3179 bracbicolo,
1814 3118 1897 3167 mo-

278 3211 509 3313 nosyllabis,
542 3211 885 3299 concordantibus,
919 3210 1250 3310 thiopo'e‘maticis,
1286 3211 1543 3313 philomelicis
1576 3209 1895 3297 Intercalaribus,

280 3347 320 3404 et
344 3330 522 3403 similibus
542 3330 835 3430 repetitionibus
857 3329 903 3403 de
921 3329 1142 3404 admirabile
1166 3329 1301 3404 Christi
1315 3327 1400 3426 Jesu
1425 3328 1647 3433 nativitate,
1671 3328 1896 3405 dedicatum

278 3446 487 3527 admodum
508 3447 722 3520 reverendo
740 3448 891 3533 illustri,
915 3445 1117 3546 generoso,
1145 3447 1358 3549 omniumq.
1377 3448 1566 3523 virtutum
1586 3445 1698 3521 donis
1729 3446 1899 3521 cumula-

279 3563 419 3640 tillimo
444 3565 549 3649 viro,
590 3562 762 3637 Domino
792 3564 840 3636 D.
866 3567 1096 3661 &grimundo
1123 3567 1304 3639 Friderico
1328 3567 1513 3665 Fuggero,
1540 3564 1686 3640 Libero
1710 3566 1860 3641 Baroni
1879 3594 1901 3638 a

278 3682 482 3784 Kirchperg
498 3696 537 3755 et
552 3677 814 3778 Weiffenhom,
826 3680 1096 3779 salryburgensi
1107 3708 1179 3755 nec
1193 3706 1273 3756 non
1283 3683 1488 3785 patavienli
1503 3682 1701 3772 canonico,
1723 3698 1796 3759 etc.
1816 3683 1900 3759 Do-

283 3805 391 3878 mino
416 3827 458 3877 ac
483 3798 696 3875 Maecenati
727 3797 794 3873 luo
816 3798 855 3873 in
873 3799 1081 3898 majoribus
1107 3799 1304 3876 humiliter
1326 3801 1561 3877 observando
1582 3830 1617 3884 a,
1632 3798 1790 3903 Caspero
1815 3804 1904 3879 Lei-

262 3924 432 4022 sentrittb
458 3950 480 3995 a
502 3919 707 4018 Juliiberg.
752 3918 914 3993 Menace
952 3920 1138 4019 Austn'ae,
1170 3920 1380 3996 excudebat
1403 3920 1579 3996 Nicolaus
1605 3920 1752 3995 Pr'errics
1776 3924 1898 3999 Anno

280 4043 334 4127 M,
346 4042 468 4117 DXC.
492 4083 537 4097 -
553 4040 658 4114 Haec
673 4039 712 4112 in
722 4038 848 4114 fronte
870 4080 921 4099 --
941 4038 964 4114 f.
983 4068 1012 4114 r.
1031 4041 1066 4115 b.
1085 4056 1310 4115 vertumnus
1336 4040 1378 4112 in
1395 4040 1555 4141 persona
1573 4038 1723 4115 clientis
1747 4064 1901 4119 maece-

280 4161 360 4235 nati
378 4161 527 4234 dedicat
542 4204 590 4220 -·
605 4158 817 4262 lequuntur
833 4159 908 4233 tria
920 4159 1087 4232 Disticha
1100 4198 1144 4214 ·-
1156 4158 1218 4243 fol.
1232 4184 1264 4230 a.
1284 4158 1525 4234 intercalares
1535 4174 1575 4234 et
1587 4158 1778 4235 Parodiae
1799 4172 1900 4263 poe-

282 4280 381 4353 ticae
417 4320 460 4335 -·
489 4280 574 4354 linis
596 4280 620 4354 l.
640 4308 671 4378 7.
688 4280 723 4353 b.
760 4281 919 4352 Viennae
952 4277 1122 4376 Austrz'ue
1161 4276 1373 4352 excudebat
1405 4276 1586 4352 Nicolaus
1612 4278 1761 4353 Pierius·
1785 4280 1907 4355 Anno

285 4396 451 4470 MDXC.
482 4397 593 4472 Char.
621 4394 852 4471 minusculus
880 4396 1041 4497 elegans.
1067 4394 1130 4470 fol.
1150 4423 1181 4492 7.
1207 4396 1345 4497 abique
1372 4397 1554 4472 numeris.
1575 4395 1638 4471 lin.
1658 4396 1785 4489 344,¹

477 4536 591 4610 Absque
609 4538 786 4593 recenlionet
807 4536 868 4593 alis
884 4536 994 4604 editio,
1010 4554 1097 4611 quam
1118 4555 1151 4592 ea
1169 4536 1206 4591 N.
1216 4534 1278 4611 694.
1290 4537 1429 4600 indicata.

972 4650 1082 4724 MD.
1093 4648 1214 4723 XCII.

296 4796 301 4807 '
381 4796 539 4893 697.'-
566 4790 728 4890 Farrago
744 4789 981 4866 diversorum
1002 4791 1215 4866 carminum
1233 4818 1330 4892 quae
1356 4790 1606 4879 faelicillimu,
1624 4790 1909 4891 'juxta'ac'l'ae-

286 4912 422 4988 tillimo
439 4912 554 4990 natali
570 4911 770 4988 reverendi
793 4910 1017 4999 admodum,
1042 4910 1203 5001 nobilis,
1235 4910 1447 5013 amplillimi
1466 4910 1732 5017 clarillimique
1758 4912 1834 4987 viri
1859 4940 1906 4989 ac

1718 5288 1735 5339 h
