4320 5700
1039 1137 1122 1236 111.

351 1386 1815 1569 SUPPLEMENTUM

1090 1632 1171 1689 AD

490 1787 863 1892 sncrronnu
893 1783 1159 1881 parurn
1175 1784 1274 1880 nr
1304 1782 1669 1881 sncunnan

762 1975 1147 2044 VOLUMINIS
1191 1976 1406 2040 PRIMI.

907 2464 1265 2571 neccenxv.

377 2638 461 2739 593.
485 2677 536 2698 -
560 2637 799 2711 Summanum
830 2638 993 2713 termole
1020 2652 1058 2712 et
1079 2637 1332 2735 Conclusrbnes
1345 2634 1626 2738 supertextam.
1651 2675 1701 2695 -
1732 2637 1838 2712 Haec
1855 2634 1896 2710 in

253 2842 255 2847 ⁸
281 2754 410 2834 fronte
420 2801 468 2820 -
480 2756 543 2831 fot.
560 2783 588 2830 1.
598 2755 681 2832 eod.
696 2756 732 2830 it
753 2754 855 2830 tituli
875 2754 968 2832 sexti
984 2752 1190 2832 secundum
1206 2754 1381 2830 ordinem
1397 2755 1587 2858 alphabeti
1598 2799 1647 2813 -
1663 2755 1726 2831 fol.
1736 2783 1769 2830 2.
1780 2757 1893 2831 Sum·

280 2877 446 2953 marium
463 2874 558 2950 sexti
571 2917 621 2934 -
636 2875 702 2952 fol.
722 2876 804 2948 255.
823 2874 859 2948 b.
877 2871 939 2949 lin.
954 2876 1010 2950 16.
1029 2873 1233 2949 surnrnaria
1249 2875 1393 2976 pariter
1405 2891 1443 2949 et
1457 2874 1714 2949 conclufiones
1729 2872 1821 2950 sexti
1833 2899 1895 2949 ac·

283 3010 413 3071 curate
433 3008 471 3068 et
491 2991 759 3094 compendiose
784 3019 831 3067 ex
857 2992 1077 3068 doctoribus
1100 2993 1201 3067 circa
1220 2992 1385 3067 eundern
1402 2991 1650 3069 scribentibus
1672 3019 1742 3094 per
1769 2991 1893 3066 hono·

281 3111 442 3188 rabilem
462 3113 592 3188 virum
609 3110 808 3185 dominum
818 3111 998 3186 Joannem
1016 3112 1177 3186 Koelner
1193 3109 1239 3184 de
1254 3110 1415 3186 Vancltel
1426 3111 1567 3219 artium
1583 3110 1799 3185 liberalium
1813 3136 1894 3185 ma-

282 3222 446 3328 ¹gistrum.
467 3229 559 3305 iuris
569 3228 771 3331 utriusque
787 3228 996 3305 doctorem.
1015 3227 1417 3330 virumperitissirnum
1436 3226 1475 3302 in
1493 3228 1754 3322 florentiiiirno
1771 3227 1892 3303 studio

281 3345 485 3422 coloniensi
497 3347 663 3421 collecte.
674 3346 837 3420 -Anno
850 3348 992 3445 gratiae
1005 3346 1338 3421 MCCCCLXVin
1350 3347 1764 3448 vigiliapurificationie
1782 3348 1894 3422 beate

284 3463 345 3538 dei
361 3463 555 3563 genitricis
573 3465 720 3539 Mariae
738 3465 909 3564 Virginis
928 3464 1183 3566 gioriofissime
1206 3464 1379 3566 impreffa
1397 3466 1513 3540 finem
1528 3483 1758 3567 acceperunt
1776 3466 1895 3541 felici·
1920 3548 1922 3552 ¹

282 3582 490 3657 ter.·Char.
515 3581 619 3681 goth.
644 3580 793 3657 litterae
818 3582 899 3658 init.
926 3582 1057 3685 grand·
1083 3584 1311 3687 plerumque
1332 3583 1472 3659 rubric.
1498 3610 1587 3659 curn
1603 3583 1691 3684 fign.
1712 3586 1788 3658 foll.
1807 3586 1893 3663 255.

285 3724 480 3777 nonnum.
500 3698 632 3788 lin40.
652 3715 689 3773 et
704 3705 763 3790 42.
773 3700 838 3775 fol.

475 3841 542 3895 Ηοο
555 3856 627 3913 opus
637 3853 736 3913 utpote
744 3840 820 3894 inter
836 3841 936 3895 omnia
942 3841 975 3895 in
982 3840 1198 3898 hoevolumine
1206 3841 1342 3896 reteniita
1355 3841 1529 3896 rariffimurn
1543 3841 1683 3916 rigidiori
1692 3843 1777 3896 etiam
1787 3840 1893 3896 iubeffe

571 3929 690 3986 videtur
700 3931 836 3993 criticam
857 3948 938 3987 erant
956 3934 1033 3988 enim
1049 3933 1197 3998 nonnulli,
1215 3933 1267 4005 qui
1283 3933 1374 4008 ipsam
1393 3934 1520 3989 eiusdem
1529 3933 1708 3990 existentiam
1727 3935 1758 3988 in
1768 3932 1890 3988 dubium

573 4038 734 4091 vocarunt3
760 4039 885 4078 attamen
902 4024 980 4079 illud
999 4023 1117 4081 existere
1133 4026 1220 4080 etiam
1238 4025 1389 4099 praemitte
1406 4027 1466 4080 iarn
1485 4025 1652 4102 comprobat
1675 4026 1817 4088 recenfiot
1847 4029 1892 4082 ni·

568 4114 730 4171 hilominus
754 4131 850 4171 tamen
876 4136 893 4170 a
913 4116 1085 4189 quibusdam
1102 4116 1266 4173 dubitatum
1281 4117 1356 4185 tuit,
1378 4133 1476 4172 utrum
1494 4120 1555 4172 eius
1572 4117 1717 4192 impressio
1737 4121 1833 4195 reapse
1853 4120 1890 4176 ad

570 4228 679 4264 annum
706 4207 785 4282 1465.
811 4209 912 4264 referri
928 4210 1021 4285 possit.
1045 4215 1081 4268 In
1105 4209 1261 4278 omnibus,
1286 4230 1358 4284 quae
1375 4210 1462 4284 legi,
1490 4209 1718 4278 reeenfionibue‚
1744 4231 1816 4288 opus
1831 4213 1889 4282 hoe

569 4302 702 4377 perverse
718 4317 745 4356 et
764 4302 840 4357 male
855 4302 1016 4358 indicatum
1034 4303 1110 4364 fuit:
1138 4302 1286 4378 suspicer,
1312 4323 1365 4358 nec
1383 4323 1474 4358 unum
1492 4303 1702 4361 recensendum
1723 4305 1755 4360 id
1779 4306 1888 4364 vidiffe.
1975 4320 1978 4326 '

574 4397 725 4450 Panzerus
746 4397 778 4450 in
798 4397 906 4452 Annei.
925 4411 1035 4473 typogr.
1058 4400 1093 4454 T.
1108 4419 1131 4452 ι.
1150 4418 1178 4472 p.
1191 4412 1254 4471 292.
1273 4397 1311 4455 N.
1324 4414 1385 4473 ¹¹9·
1404 4397 1480 4451 illud
1496 4399 1538 4452 ita
1555 4396 1706 4457 describit}
1718 4402 1888 4456 —Jnannis
1942 4451 1950 4461 ,

571 4488 697 4543 Koelner
722 4486 755 4542 de
779 4490 902 4545 Vancltel
918 4489 1073 4551 summaria
1100 4506 1128 4545 et
1145 4489 1337 4546 tonoluiionee
1362 4505 1422 4545 tam
1440 4489 1595 4566 gloffarurn
1620 4510 1707 4566 quam
1735 4479 1885 4548 doctorurn

564 4580 649 4635 eirea
673 4579 785 4635 sextum
806 4581 993 4638 decretalium
1020 4585 1054 4638 in
1075 4582 1271 4639 florentiss'uno
1289 4581 1383 4639 studio
1401 4583 1557 4639 eolonienli
1586 4585 1706 4642 eolleete
1729 4589 1815 4639 Anno
1839 4584 1888 4639 do-

566 4672 647 4728 mini
673 4671 751 4746 2463.
778 4674 847 4727 item
872 4674 1057 4731 summarium
1089 4675 1228 4733 textualee
1254 4676 1446 4732 concluiionee
1470 4677 1555 4753 super
1573 4678 1757 4732 clementinas
1777 4679 1808 4731 in
1832 4673 1888 4731 fine

566 4782 621 4842 per
646 4765 807 4823 Jobannom
833 4767 977 4843 Kotiltoff
1007 4769 1042 4825 de
1064 4771 1160 4828 Lubet
1183 4770 1277 4828 civem
1303 4771 1490 4846 coloniensem
1514 4770 1646 4846 impreffa
1671 4787 1746 4824 anno
1776 4771 1886 4842 gratiae
