4320 5700
273 592 320 680 rs
659 605 899 665 ctraroous
926 562 1301 665 macrocnarnrcos
1327 606 1480 666 nnxrv.

270 777 322 853 M
340 779 389 854 D.
408 781 514 856 XIV.
541 784 585 858 Τ.
607 787 659 860 Ὀ.
684 788 804 886 Regu.
832 812 955 886 magn.
983 790 1078 886 Imp.
1104 788 1260 862 Caesare
1282 788 1546 863 Maazmiliano
1572 802 1640 863 etc
1676 786 1795 863 Char.
1824 790 1887 864 lat.

271 898 402 997 grand:
420 898 498 973 soll.
516 902 681 1001 23.'·slgn.
698 904 761 977 lin.
774 905 832 978 32.
852 911 886 994 4.

468 1041 598 1097 Panaeri
614 1043 720 1101 Annal.
748 1046 881 1120 Typogr.
908 1046 943 1100 T.
962 1043 988 1100 6.
1013 1063 1044 1120 p.
1061 1043 1105 1119 67.
1134 1045 1172 1102 N.
1189 1046 1256 1119 3345

374 1209 457 1283 213.
475 1251 523 1269 —·
544 1195 592 1284 ln
604 1212 682 1286 hoc
698 1239 815 1312 opere
826 1213 920 1288 haec
939 1212 1201 1290 continentur:
1221 1218 1333 1290 Nova
1349 1216 1545 1293 translatio
1556 1215 1673 1316 primi
1691 1216 1781 1290 libri
1800 1245 1893 1317 geo-

274 1327 455 1426 graphiae
477 1331 528 1402 tt.
546 1329 771 1405 Ptolomaei:
790 1358 886 1431 quae
904 1331 1060 1431 quidem
1076 1333 1273 1408 translatio
1286 1334 1468 1408 verbum:
1488 1335 1603 1409 habet
1621 1363 1642 1409 e
1658 1335 1780 1411 verbo
1800 1337 1893 1411 side-

275 1445 362 1520 liter
381 1447 610 1548 expressum:
638 1449 779 1522 Ioanne
804 1450 957 1524 Vernero
984 1450 1295 1549 Nurenberge-nn,
1328 1451 1549 1553 interprete.
1571 1495 1622 1511 ·-
1657 1456 1701 1525 ln
1722 1452 1893 1528 eundem

136 1586 139 1591 ·
275 1563 447 1663 primum
464 1564 608 1638 librum
627 1565 879 1666 geographiae
902 1570 952 1640 CI.
971 1566 1195 1641 Ptolomaei:
1213 1586 1446 1667 argumenta.
1464 1569 1731 1669 paraphrases,
1749 1569 1892 1670 quibus

279 1681 391 1776 idem
405 1681 501 1756 liber
515 1709 587 1781 per
604 1681 822 1758 sententias:
841 1711 883 1758 ac
897 1683 1114 1759 summatim
1127 1686 1361 1786 explicatur:
1379 1703 1417 1760 et
1435 1688 1699 1762 annotationes
1720 1687 1897 1762 eiusdem

279 1800 436 1873 Ioannis
457 1799 612 1874 Vemeri.
636 1842 681 1859 -—
702 1801 871 1875 Libellus
890 1801 936 1875 de
957 1819 1122 1902 quatuor
1139 1821 1332 1879 terrarum
1351 1803 1455 1878 orbis
1474 1804 1513 1876 in
1529 1806 1643 1904 plano
1656 1805 1896 1904 figurationi-

277 1917 350 1990 bus
370 1916 416 1990 ab
439 1916 576 1993 eodem
589 1915 727 1992 Ioanne
744 1920 894 1993 Vemero
912 1919 1111 1996 novissime
1134 1922 1341 2022 compertis
1370 1938 1408 1995 et
1428 1922 1649 1997 ennarratis.
1668 1965 1721 1980 -
1747 1924 1806 1995 Ex
1823 1924 1898 1997 slne

61 2014 64 2025 Ι
135 2033 136 2037 '
279 2035 427 2138 septimi
444 2036 531 2111 libri
548 2037 719 2111 eiusdem
737 2038 990 2138 geographiae
1014 2042 1064 2112 CI.
1085 2040 1292 2113 Ptolomaei
1311 2037 1424 2139 super
1448 2040 1560 2140 plana
1574 2058 1770 2116 terrarum
1788 2041 1893 2114 orbis
2010 2076 2014 2089 ·

280 2154 533 2255 descriptione
550 2183 572 2228 a
587 2154 718 2255 priscis
736 2155 900 2229 instituta
921 2157 1158 2256 geographis.
1185 2158 1313 2246 Locus
1333 2155 1499 2258 quidam.
1516 2185 1618 2234 nova
1634 2157 1898 2232 translatione.

279 2274 519 2376 paraphrasl:
536 2290 574 2347 et
595 2274 903 2349 annotationibus
922 2273 1156 2374 explicatus:
1184 2303 1301 2376 quem
1327 2275 1541 2349 recentium
1560 2277 1897 2376 geographorum:

279 2411 325 2469 ut
344 2391 515 2494 ipsorum
533 2390 571 2463 id
588 2418 681 2490 pace
697 2391 830 2466 dicam.
857 2419 972 2467 nemo
992 2392 1191 2494 hucusque
1216 2395 1300 2468 sane
1324 2421 1365 2468 ac
1389 2393 1607 2467 medullitus
1630 2393 1830 2500 intellexit
1851 2434 1899 2450 -·

277 2514 341 2586 De
363 2511 537 2610 hisquae
555 2509 807 2611 geographiae
830 2511 970 2584 debent
985 2509 1120 2585 adesse:
1146 2513 1297 2611 Georgii
1312 2511 1500 2584 Amemcii
1514 2509 1899 2612 Constantinopolita-
1941 2594 1945 2600 ,

279 2631 321 2704 ni
343 2625 577 2729 opusculum
599 2669 649 2684 -
667 2629 711 2700 ln
728 2626 829 2701 idem
847 2629 1000 2727 Georgii
1014 2627 1199 2702 Amiiucii
1219 2629 1452 2730 opusculum.
1476 2630 1630 2703 Ioannis
1652 2631 1804 2704 Vemeri
1816 2630 1898 2730 Ap·

252 2816 253 2821 ,
280 2747 472 2848 pendices.
493 2788 543 2803 —
559 2746 714 2818 Ioannis
728 2745 774 2819 de
795 2746 1033 2844 Regiomonte
1048 2747 1209 2846 epistola.
1230 2747 1277 2821 ad
1292 2746 1660 2823 Reverendillimum
1679 2763 1833 2847 patrem
1860 2763 1899 2822 et

283 2867 485 2941 dominum
504 2861 753 2962 Bessan‘onem
776 2864 1016 2938 Cardinalem
1038 2865 1245 2954 Nicenum¹
1279 2893 1321 2938 ac
1346 2864 1809 2965 Constantinopolitanum
1829 2892 1898 2964 pa·

283 2985 491 3059 triarcham
510 2984 555 3058 de
574 2980 848 3082 composltione
869 2981 907 3054 e't
926 2981 994 3055 usu
1011 2982 1208 3056 cuiusdam
1226 2983 1527 3083 meteoroscopii.
1546 3025 1596 3039 -
1614 2979 1799 3058 Caesarea
1815 3010 1901 3081 cau-

280 3120 368 3175 tum
388 3107 436 3175 est
454 3101 660 3176 sanctione:
679 3126 728 3173 ne
748 3099 951 3200 quisquam
967 3098 1042 3173 hoc
1061 3128 1158 3200 opus
1176 3099 1274 3174 infra
1288 3099 1478 3200 sexaginta
1492 3127 1631 3175 annos:
1649 3115 1807 3201 praeter
1822 3127 1901 3175 ma-

282 3218 459 3293 nifestum
477 3218 623 3316 opificis
641 3216 861 3293 consenstun
881 3218 1077 3319 imprimat
1096 3234 1161 3324 aut
1178 3218 1353 3293 distrahat
1371 3218 1436 3293 sub
1452 3217 1559 3317 gravi
1576 3219 1738 3295 mulcta:
1766 3219 1807 3292 in
1823 3222 1902 3292 Im·

283 3335 493 3440 perialibus
510 3335 568 3407 his
586 3335 721 3409 litteris
742 3337 918 3436 expressa.
938 3379 985 3393 -
1002 3337 1166 3411 Haecin
1186 3336 1322 3412 sronte.
1342 3380 1389 3394 -
1415 3336 1478 3410 sol.
1499 3336 1582 3410 eod.
1605 3336 1641 3409 b.
1666 3335 1799 3410 Privil.
1827 3336 1899 3411 irn-

285 3453 395 3558 prels.
411 3453 673 3527 Maximillam
687 3456 780 3552 Imp.
796 3495 846 3510 —
863 3453 924 3524 fol.
944 3483 976 3526 2.
1000 3455 1164 3554 Epistola
1189 3455 1281 3527 Ioan
1304 3455 1452 3529 temeri
1464 3453 1728 3555 composttoris
1744 3454 1792 3528 ad
1810 3454 1903 3528 Car·
1965 3500 1968 3513 ι

289 3573 455 3648 dinalem
472 3569 658 3645 Matheum
675 3588 744 3645 etc.
763 3612 812 3627 ·-
833 3570 896 3643 sol.
915 3577 947 3658 4.
969 3572 1059 3670 Cap.
1082 3575 1106 3642 l.
1126 3612 1173 3627 -
1187 3571 1250 3644 sol.
1270 3573 1327 3645 68.
1357 3572 1419 3646 lin.
1438 3600 1471 3671 9.
1497 3571 1653 3672 explicit
1672 3571 1904 3673 geographi-

288 3720 356 3769 cus
373 3690 436 3764 hic
455 3689 569 3777 liber,
588 3716 658 3789 per
675 3688 787 3789 ipstus
806 3687 1100 3787 composltorem
1116 3705 1229 3789 atque
1246 3717 1316 3789 per
1339 3692 1538 3764 Conradum
1548 3686 1756 3789 Hainsogel
1769 3716 1906 3790 recog·

287 3812 405 3887 nitus.
423 3851 471 3869 -·
490 3834 657 3884 necnon
675 3835 697 3881 a
714 3807 854 3879 Ioanne
870 3806 998 3880 Stachs
1014 3807 1281 3906 Narembergee
1300 3807 1495 3907 impressus
1522 3806 1636 3889 Anno
1653 3807 1815 3881 Domini
1832 3836 1916 3882 no·⁸

289 3932 351 4006 Ilri
370 3931 459 4006 Jesu
488 3926 623 4001 Christi
649 3925 833 4000 Mileslmo
862 3926 1160 4027 quingenteslmo
1185 3925 1333 3999 decimo
1359 3940 1507 4026 quarto
1535 3925 1658 4027 pridie
1683 3952 1806 4001 nonas
1825 3929 1909 4001 No·

136 4129 138 4134 ,
288 4049 458 4125 vembris
472 4047 598 4150 phebe
619 4046 666 4120 ad
682 4047 707 4119 J
710 4045 792 4119 ovis
808 4045 1104 4148 contubernium
1121 4044 1319 4119 defluente.
1340 4041 1451 4118 Char.
1470 4043 1531 4118 lat.
1555 4070 1642 4119 cum
1662 4043 1807 4144 figuris.
1825 4042 1906 4120 soll

290 4192 372 4239 non
393 4167 478 4264 slgn.
502 4169 559 4240 68.
576 4165 640 4240 lin,
658 4165 715 4238 55.
735 4163 758 4237 s.

487 4305 614 4360 Panaeti
632 4305 736 4360 Annal.
758 4306 890 4380 Typogr.
913 4305 984 4378 T.7.
1006 4322 1035 4378 p.
1045 4303 1109 4377 454.
1128 4302 1166 4358 N.
1184 4312 1246 4375 104.

389 4477 473 4561 214.
492 4514 541 4530 --
560 4475 602 4542 ln
620 4472 694 4543 hoc
714 4473 909 4546 volumine
928 4473 1022 4546 haec
1046 4471 1301 4546 continentur.
1327 4470 1672 4547 Rhetoricorum'ad
1701 4473 1737 4547 C.
1759 4472 1902 4546 Heren-

293 4596 394 4670 nium
412 4591 475 4666 lib.
493 4593 551 4664 IV.
567 4630 617 4646 -
633 4588 686 4661 Μ.
705 4588 749 4659 Τ.
771 4591 951 4661 Ciceronis
969 4591 1015 4663 de
1033 4589 1264 4663 inventione.
1281 4588 1341 4662 lib.
1359 4592 1407 4663 Il,
1423 4591 1665 4665 -Eiusdem
1684 4591 1731 4665 de
1750 4607 1903 4686 oratore

297 4715 343 4792 ad
370 4711 537 4816 Qm'ntum
555 4709 725 4783 fratrem.
746 4706 814 4778 litt.
834 4709 896 4779 lll.
923 4748 962 4763 -
993 4707 1175 4779 Eiusdem
1201 4706 1247 4779 de
1275 4707 1384 4780 claris
1411 4708 1647 4795 oratoribus,
1668 4709 1741 4812 *qui
1767 4706 1905 4780 dicitur

297 4832 451 4909 Brutus:
470 4813 532 4907 lib.
547 4831 573 4906 1.
593 4869 639 4888 -
658 4825 839 4904 Eiusdem
858 4824 1001 4901 Orator
1024 4823 1071 4899 ad
1092 4825 1250 4900 Brutum.
1276 4825 1338 4902 lib.
1357 4829 1382 4899 l.
1410 4869 1460 4887 -·
1484 4825 1665 4903 Eiusdem
1686 4825 1833 4928 Topica
1855 4823 1903 4899 ad
