4320 5700
289 542 358 639 176
672 560 913 619 caraaoous
939 558 1314 621 nmuocnsaurcus
1339 558 1555 619 unxxxvr.

289 766 332 813 ac
354 738 557 839 concinna,
582 765 680 838 quae
700 740 972 839 collachrymat
995 740 1251 840 praesentem,
1272 756 1351 817 tam
1376 738 1614 840 pertinacem
1628 734 1819 811 humanae
1841 736 1893 809 vi·

287 873 348 931 tae
367 855 620 943 functionem,
643 874 758 958 atque
782 857 935 931 interim
956 857 1111 959 seipsam
1130 858 1198 959 (ob
1227 858 1468 960 quorundam
1486 854 1702 956 aspergines
1728 853 1893 930 virulen-

287 976 360 1072 tas)
381 976 478 1050 male
495 975 699 1051 habentem
720 976 914 1076 deplorat,
942 1002 1075 1051 manus
1106 976 1306 1053 auxiliares
1329 991 1375 1050 ut
1397 975 1570 1075 porrigat
1588 972 1758 1047 Chrillus
1775 970 1893 1072 spons.

285 1092 360 1167 Per
376 1094 593 1194 Leapoldum
612 1095 779 1169 Dickr'um
803 1094 1068 1193 Babenhauserz
1093 1096 1176 1170 iure
1203 1093 1341 1169 consul.
1366 1109 1405 1168 et
1429 1109 1625 1169 oratorem
1651 1105 1893 1190 extempora-

286 1211 345 1286 rio
362 1211 495 1312 spiritu
518 1229 772 1313 concepta-
788 1213 893 1287 Haec
912 1212 952 1286 in
978 1213 1103 1287 sronte
1126 1238 1214 1285 curn
1231 1213 1311 1287 eius
1330 1212 1457 1311 effigie
1473 1228 1513 1287 et
1531 1208 1800 1309 inscriptione:
1826 1209 1893 1284 Se·

284 1356 360 1405 nex
384 1335 522 1405 lttacus
542 1332 730 1430 virgulam
750 1330 894 1405 recusat
906 1373 955 1388 -
969 1330 1034 1405 sol.
1054 1330 1138 1405 eod.
1155 1330 1190 1406 b.
1207 1330 1337 1405 Diclii
1348 1330 1500 1430 epistola
1516 1328 1564 1405 ad
1582 1326 1783 1402 Antoniam
1799 1328 1893 1426 Fug-

281 1475 407 1548 gerum
425 1448 630 1548 subscripta
648 1476 694 1523 ex
712 1450 940 1549 palladaerio
954 1453 1080 1523 nostro
1096 1449 1310 1524 subrustico.
1327 1448 1510 1547 Augustae
1527 1449 1644 1521 Anno
1665 1475 1688 1521 a
1706 1468 1798 1527 nato
1819 1448 1893 1523 Dei

285 1567 365 1641 lilio
385 1567 651 1641 M.D.Xx111.
671 1584 807 1641 octavo
828 1567 916 1641 ldus
936 1567 1225 1642 Novembris-
1240 1568 1305 1645 fol.
1329 1594 1381 1667 ¹9·
1405 1567 1440 1642 b.
1459 1566 1523 1640 lin.
1539 1565 1602 1643 23s
1619 1566 1790 1643 laudabis
1813 1568 1893 1667 lege

285 1686 416 1759 Ds'cln'i
430 1684 608 1760 libellum.
637 1686 749 1761 Char.
771 1687 832 1761 lat.
850 1687 980 1784 grand.
999 1703 1037 1762 et
1056 1691 1195 1762 venust.
1212 1686 1291 1762 soll.
1321 1710 1471 1785 ¹9·1¹⁰¹¹
1494 1682 1582 1784 sign.
1599 1682 1665 1760 lin.
1685 1686 1746 1761 28.
1772 1692 1807 1777 4.
1833 1687 1896 1758 Ea

289 1806 501 1883 collectione
516 1803 754 1878 Herbiziana.

480 1941 584 1999 Editio
600 1942 742 1999 rarillima
758 1944 892 1999 Panzero
909 1958 938 1999 et
962 1941 1070 2019 Zapfia
1088 1944 1281 2001 verisimiliter
1304 1942 1465 2019 incognita.
1487 1938 1606 1999 Confer.
1630 1940 1750 1999 J'a'csteri
1762 1940 1896 1997 Lexicon

575 2035 653 2093 erud.
668 2038 704 2092 Τ.
723 2052 749 2092 2.
766 2055 795 2112 p.
818 2054 880 2114 ¹⁰9·

382 2208 520 2281 585.-
541 2208 668 2281 Oratio
684 2206 813 2282 habita
832 2233 963 2281 coram
982 2208 1112 2280 Carolo
1134 2210 1285 2306 augusto
1304 2204 1514 2304 defignato,
1532 2204 1571 2277 in
1589 2201 1897 2305 praesentatione

283 2326 428 2402 decreti
445 2325 662 2412 electionis,
680 2352 768 2400 curn
786 2324 1015 2426 responfiva,
1035 2352 1078 2399 ac
1097 2324 1325 2424 quibusdam
1345 2322 1437 2397 aliis.
1453 2364 1499 2380 -
1522 2322 1630 2397 Haec
1648 2322 1688 2395 in
1706 2322 1839 2397 fronte
1851 2364 1897 2381 -

280 2447 344 2519 sol.
365 2443 448 2520 eod.
465 2444 501 2519 b.
520 2444 682 2543 Epistola
703 2445 832 2517 Iacobi
852 2446 1032 2543 Spregelii
1045 2443 1092 2517 ad
1116 2441 1420 2542 Vr'rrrphelr'ngritm
1437 2440 1511 2540 sep.
1524 2439 1719 2515 orationes
1733 2439 1898 2514 Bernar-

276 2566 320 2636 dr'
337 2561 531 2658 Wunrrseri
543 2577 582 2636 et
598 2562 799 2636 Meccurz'nr‘
810 2562 942 2636 Alban.
962 2561 1009 2635 de
1026 2562 1235 2634 Gallinaria
1259 2558 1321 2632 sol.
1344 2587 1375 2655 7.
1399 2558 1435 2634 b.
1452 2558 1515 2632 lin.
1532 2584 1590 2632 22.
1612 2557 1705 2633 sinit.
1719 2558 1895 2633 —Chan

274 2681 336 2756 lat.
354 2679 483 2783 grand.
506 2678 583 2753 soll.
598 2707 628 2775 7.
645 2705 725 2752 non
744 2679 830 2779 fign.
848 2680 911 2755 lin.
929 2681 987 2755 28.
1014 2685 1048 2769 4.

469 2822 504 2874 10
521 2818 640 2876 ,welseri
656 2818 768 2875 Lexico
797 2819 901 2875 erudit.
927 2822 961 2877 T.
989 2831 1016 2895 4.
1033 2839 1062 2896 p.
1081 2818 1148 2895 736.
1173 2834 1202 2874 et
1217 2833 1299 2895 2091.
1316 2814 1477 2874 nonnullae
1498 2816 1624 2875 notitias
1648 2814 1683 2873 de
1708 2814 1858 2895 Spiegelio
1871 2832 1900 2874 es

572 2913 738 2989 Wurmsero
755 2912 871 2968 exstant.

373 3082 455 3159 586.
469 3124 513 3141 -
528 3084 678 3156 Claudii
711 3083 912 3155 Claudiani
935 3080 1158 3179 opusculum
1185 3079 1232 3152 de
1261 3093 1375 3178 raptu
1409 3076 1648 3179 Proserpinae
1675 3076 1899 3179 legentibus

277 3202 443 3275 multum
457 3199 550 3274 utile
581 3217 694 3302 atque
713 3200 1108 3298 jucundum-Haec
1126 3197 1165 3271 in
1192 3196 1339 3271 sronte:
1367 3195 1431 3270 sol.
1458 3196 1516 3271 30.
1545 3196 1582 3271 1).
1610 3194 1675 3272 110.
1707 3222 1764 3297 ¹9·
1795 3198 1899 3273 linis.

277 3320 424 3392 Claudii
441 3320 641 3391 Claudiani
655 3319 702 3394 de
722 3335 835 3419 raptu
852 3316 1105 3417 Proserpinae:
1132 3315 1224 3403 eius,
1238 3315 1342 3417 quod
1358 3313 1572 3401 invenitur3
1591 3340 1683 3389 nam
1705 3314 1899 3391 ultimum

167 3481 169 3485 <
275 3437 458 3509 volumen
478 3437 579 3534 apud
597 3462 667 3509 nos
683 3462 763 3511 non
786 3451 897 3509 extat.
920 3435 1031 3510 Char.
1052 3435 1154 3536 goth.
1172 3432 1302 3533 grand.
1320 3431 1397 3508 foll.
1420 3432 1477 3509 30.
1497 3459 1577 3509 non
1592 3430 1719 3533 signat.
1741 3431 1811 3508 lin.
1830 3460 1894 3510 ao.

272 3553 400 3656 spatiis
423 3552 628 3625 interiectis
647 3558 679 3641 4.

466 3690 569 3748 Editio
588 3710 657 3745 rara
678 3704 803 3745 attamen
821 3688 962 3763 nusquam
980 3690 1123 3746 recensita.

370 3864 453 3961 587.
470 3905 520 3920 -·
537 3863 699 3935 Laterani
717 3862 865 3935 Rhetor
890 3888 913 3935 a
942 3860 1133 3937 Bilibaldo
1161 3862 1405 3937 Pr'rclaimero
1426 3861 1466 3935 in
1488 3861 1649 3938 latinum
1673 3862 1819 3940 versus.
1841 3906 1896 3925 -·

274 3984 381 4059 llaec
401 3983 440 4057 in
458 3982 585 4055 sronte
604 3979 721 4054 limbo
745 3979 1017 4055 inclusa-sol.
1045 4009 1098 4055 11.
1122 3981 1157 4055 b.
1183 3982 1246 4057 lin.
1280 3987 1334 4069 14.
1357 3980 1619 4080 Aullophanes
1648 3978 1689 4057 in
1715 3980 1895 4059 Pace.-

274 4102 388 4181 Char.
412 4103 472 4178 lat.
492 4100 626 4202 glossae
646 4125 763 4199 marg.
782 4100 859 4174 soll.
882 4126 934 4174 ιι.
954 4126 1034 4173 000
1049 4099 1135 4199 fign.
1159 4098 1221 4173 lin.
1242 4100 1301 4173 28.
1320 4106 1354 4189 4.

459 4243 576 4301 10010νί
590 4242 676 4297 lexic.
694 4239 774 4296 erud.
795 4241 830 4296 T.
852 4240 878 4295 ὅ.
895 4259 924 4316 p.
944 4234 1023 4294 1588.
1053 4238 1268 4295 Pirlshoimetus
1291 4240 1377 4295 varia
1399 4255 1570 4315 graecorum
1594 4256 1684 4316 opera
1700 4238 1735 4295 iu
1754 4236 1890 4297 launum

562 4333 719 4401 transtulit,
739 4351 813 4407 quae
832 4330 938 4406 absque
954 4331 1067 4387 indicio
1088 4331 1168 4387 Anni
1186 4347 1213 4386 et
1226 4324 1303 4388 Loci
1322 4332 1454 4409 impressa
1471 4332 1544 4387 sunt.

366 4500 506 4577 588.-
517 4504 735 4604 Hieronymi
746 4504 881 4603 Scoptzi'
892 4501 1048 4577 senensis
1064 4501 1240 4602 Episcopi
1257 4500 1441 4578 suanenfis
1465 4503 1590 4575 Oratio
1609 4500 1710 4577 dicta
1724 4501 1765 4577 in
1784 4502 1887 4577 Ball·

269 4626 339 4699 lica
361 4621 470 4696 Beati
487 4621 591 4696 Petri
611 4622 780 4720 Apostoli
800 4621 840 4694 in
855 4622 931 4696 Die
950 4623 1038 4695 sello
1056 4621 1230 4694 omnium
1247 4619 1463 4694 sanctorum
1474 4619 1520 4696 ad
1536 4618 1802 4695 sanctissimum
1813 4620 1885 4694 do·

268 4743 417 4819 minum
433 4744 603 4818 nollrum
621 4740 877 4816 Innocentiam.
903 4739 1129 4873 mul-³⁰¹¹*
1150 4738 1251 4815 Max.
1275 4756 1313 4816 et
1327 4740 1375 4817 ad
1397 4736 1728 4839 reverendillimos
1747 4736 1881 4813 Cardi-
