4320 5700
290 601 358 676 118
432 624 436 633 ·
723 622 964 697 aerumans
990 620 1376 682 aranoonsrmcus.
1402 618 1543 678 nnxx.

273 782 280 791 ’
382 799 465 887 364.
484 842 528 859 -
550 799 651 902 Quae
674 805 713 875 in
739 803 808 875 hoc
832 803 959 875 libello
986 804 1212 876 contristentur
1228 843 1277 861 -
1293 802 1447 875 Ioannis
1464 796 1658 871 Priu’ciuni
1678 794 1891 884 utilitum,

288 918 470 1017 fimulque
488 919 699 995 brevillima
717 922 1035 995 institutio-De
1048 938 1136 994 octo
1148 919 1321 1022 partibus
1336 917 1591 994 orationis-
1612 915 1674 989 De
1688 915 1896 989 nominum
1959 984 1969 1005 ,
2039 968 2043 991 .

289 1052 328 1108 et
346 1036 554 1111 verborum
580 1038 1168 1126 declmanuue-Pulcherrima,
1183 1056 1287 1113 recte
1304 1038 1477 1139 beneque
1493 1033 1666 1121 vivendi,
1688 1032 1896 1133 praecipue

288 1180 385 1254 quac
404 1156 533 1255 pueris
551 1158 867 1244 nacoliensium,
891 1175 1104 1258 praecepta.
1125 1199 1174 1213 -
1191 1159 1341 1231 Electae
1363 1180 1409 1230 ex
1425 1152 1582 1254 optimis
1598 1150 1797 1227 autoribus
1814 1149 1897 1225 len·

286 1272 443 1361 tentiae,
460 1274 506 1348 ad
526 1276 750 1361 litterarum,
764 1276 1158 1375 vitaequehonestatis
1171 1275 1444 1348 institutionem
1459 1270 1782 1350 accommodatae.
1800 1270 1895 1343 Orn-

284 1390 348 1464 nia
368 1418 456 1465 cum
468 1395 668 1467 vernacula
682 1393 1057 1493 interpretatione-
1068 1393 1315 1495 Colloquium
1336 1389 1531 1466 cottidiani
1550 1387 1747 1463 sermonis.
1761 1388 1894 1465 -Ta-

196 1494 202 1503 ¹
285 1508 376 1583 bula
392 1537 605 1609 puerorum
624 1528 693 1585 etc.
718 1552 763 1566 -
783 1511 886 1585 Haec
914 1512 953 1583 in
976 1513 1101 1587 fronte
1126 1511 1244 1585 limbo
1264 1498 1472 1612 figurisque
1495 1522 1639 1582 ornata.
1657 1504 1722 1580 fol.
1749 1506 1834 1581 eod.
1856 1507 1892 1581 b.

287 1627 450 1725 Epistola
476 1628 522 1701 ad
548 1630 731 1701 Silvanum
753 1629 915 1702 Othmar.
933 1672 982 1689 -
999 1631 1061 1705 fol.
1083 1636 1140 1729 49.
1164 1630 1198 1703 b.
1223 1628 1287 1702 lin.
1313 1630 1367 1702 18.
1395 1624 1613 1727 imprellum
1640 1622 1827 1722 Augustae
1855 1624 1894 1698 in

286 1742 442 1817 aedibus
459 1747 751 1819 Siluanz‘Ottmar
766 1746 866 1846 apud
884 1748 1121 1822 caenobium
1134 1750 1237 1821 denae
1253 1745 1400 1842 Ursulae
1420 1744 1473 1818 cis
1491 1743 1681 1844 Lychurn.
1695 1743 1810 1817 Aemo
1820 1759 1891 1818 etc.

287 1862 377 1934 XX.
398 1862 458 1938 ‹lie
472 1864 597 1937 XVll.
625 1865 761 1939 lllenfis
784 1866 950 1965 Augusti.
972 1867 1083 1940 Char.
1102 1867 1162 1941 lat.
1180 1863 1335 1965 gothico
1352 1862 1505 1937 mixtus.
1526 1860 1601 1935 foll.
1620 1866 1679 1959 49.
1704 1860 1888 1971 non-fign.

287 1980 350 2055 lin.
367 1980 430 2056 fol.
452 1983 517 2056 ult.
535 1984 571 2056 b.
591 2010 648 2058 21.
668 1989 702 2073 4.

479 2142 538 2200 Sub
553 2145 639 2198 Axino
660 2140 739 2200 1518.
759 2146 908 2199 Panzerus
927 2144 961 2198 Τ.
972 2142 998 2199 6.
1020 2163 1049 2217 p.
1060 2138 1120 2217 148.
1145 2142 1184 2198 N.
1197 2160 1241 2203 ιο.
1260 2157 1287 2196 et
1304 2139 1427 2216 Zupfius
1445 2141 1481 2196 T.
1493 2155 1519 2195 2.
1542 2160 1571 2215 p.
1582 2156 1644 2195 uo.
1665 2139 1706 2195 N.
1715 2140 1761 2196 25.
1777 2138 1889 2196 inllitu·

569 2239 679 2291 tionem
695 2238 864 2294 Pinzicr'ani
878 2233 1089 2297 exhibuerunt:
1109 2235 1179 2292 hacc
1189 2252 1259 2292 vezo
1276 2238 1360 2290 Anno
1379 2235 1459 2290 1520.
1479 2232 1557 2289 edita
1571 2232 1639 2307 iplls
1655 2233 1759 2309 ignota
1774 2232 1825 2289 effe
1841 2232 1888 2289 vi·

573 2327 664 2383 detur.

375 2498 459 2570 365.
477 2540 523 2555 -
549 2498 731 2595 Apologia
759 2500 908 2596 Erasnu‘
930 2500 1180 2582 Boterodam1'‚
1212 2498 1388 2572 refellens
1419 2495 1665 2597 quorundam
1691 2494 1884 2571 seditiosos

172 2650 175 2655 ·
278 2617 465 2690 clamores
481 2614 580 2715 apud
600 2616 805 2715 populum,
825 2617 890 2716 qui
905 2619 1008 2691 velut
1025 2617 1186 2717 impium
1202 2616 1495 2701 insectabantur,
1516 2613 1621 2717 quod
1641 2615 1820 2701 verterit,
1845 2614 1890 2689 in

279 2734 469 2836 principio
486 2750 566 2808 erat
580 2733 721 2820 sermo,
748 2762 836 2808 cum
854 2736 975 2808 filium
993 2735 1053 2808 dei
1070 2737 1143 2809 dici
1166 2735 1381 2810 sermonem
1397 2732 1512 2807 etiam
1527 2733 1603 2805 hoc
1620 2733 1726 2821 loeo,
1755 2758 1887 2836 neque

277 2881 424 2928 novum
442 2853 485 2927 lit
502 2853 541 2926 in
560 2852 665 2927 libris
682 2851 810 2939 sacris,
839 2881 964 2953 neque
980 2880 1112 2928 rarum
1132 2855 1169 2927 in
1191 2853 1295 2927 libris
1319 2851 1649 2940 orthodoxorum,
1684 2878 1756 2927 nec
1777 2850 1890 2926 inuii-

278 2988 421 3058 tatum‚
445 2970 647 3045 solenniter
667 2972 784 3045 cultui
804 2972 975 3044 ecclefiae
997 2971 1246 3057 Christianae,
1272 2996 1410 3044 aenon
1427 2997 1505 3044 una
1523 2969 1570 3044 de
1587 2970 1697 3047 caula
1714 2996 1890 3045 commo·

176 3076 181 3085 ¹
279 3089 362 3162 dius
381 3089 504 3162 etiarn.
518 3091 747 3186 -Busileue
767 3089 866 3187 apud
885 3091 939 3163 Jo.
957 3090 1180 3171 liubem'um,
1200 3090 1272 3161 An.
1295 3090 1346 3161 M.
1357 3090 1404 3162 D.
1418 3088 1683 3189 XX.—Haec
1698 3088 1740 3163 in
1759 3088 1887 3164 fronte

278 3206 397 3280 limbo
414 3205 553 3280 inclula
569 3234 604 3305 P·
628 3216 683 3295 41.
711 3207 773 3280 lin.
800 3214 850 3297 14.
873 3206 1095 3309 Apologiae.
1115 3207 1210 3281 finis.
1231 3207 1343 3282 Char.
1363 3208 1422 3280 lat.
1439 3233 1476 3305 p.
1494 3212 1553 3293 42.
1569 3204 1633 3279 lin.
1651 3206 1710 3279 32.
1729 3212 1765 3295 4.

467 3345 594 3400 Panzeri
610 3347 714 3399 Annal.
734 3348 867 3422 Typogr.
888 3349 922 3402 T.
935 3348 961 3402 6.
980 3367 1008 3421 p.
1019 3342 1081 3420 248.
1100 3349 1138 3403 N.
1146 3350 1211 3421 334.
1231 3345 1326 3402 nostro
1344 3344 1504 3421 exemplari
1520 3344 1623 3401 desunt
1639 3342 1887 3421 epistolaeerudi·

563 3436 660 3492 torum
678 3440 826 3506 virorum,
847 3459 915 3511 quas
932 3442 1091 3495 Punzerus.
1110 3440 1147 3495 L.
1168 3461 1190 3495 c.
1208 3439 1363 3497 indicavit.

371 3607 453 3679 366.
473 3645 515 3661 -
538 3605 776 3690 tabularum,
803 3634 900 3707 quae
926 3608 1001 3681 hoc
1021 3609 1119 3681 libro
1135 3609 1381 3684 continentur
1405 3609 1653 3709 interpretes,
1675 3624 1791 3709 atque
1816 3634 1884 3683 au·

274 3725 406 3800 thores
426 3723 575 3798 Sunthi.
594 3768 644 3783 -
669 3725 885 3799 Guz'ltelmus
905 3727 1100 3801 Goudunus
1122 3772 1166 3787 -
1183 3730 1398 3801 Hadrianus
1414 3728 1626 3801 Barlandus
1642 3768 1691 3785 -
1707 3726 1885 3824 Erasmus

272 3845 532 3919 Boterodumus
551 3888 599 3900 -
617 3844 734 3916 Aulus
754 3844 894 3918 Gelltus
916 3889 962 3903 -
979 3846 1146 3945 Angelus
1156 3847 1362 3920 Pontianus
1373 3888 1421 3903 ·-
1434 3846 1561 3918 Petrus
1580 3846 1738 3919 Crinitus
1755 3886 1798 3903 -·
1818 3844 1879 3919 Io-

273 3992 388 4037 annes
402 3964 583 4036 Antonz'us
605 3965 864 4063 Campanus-
877 3965 1021 4038 Plinius
1033 3967 1212 4038 Secundus
1234 3964 1508 4061 Nouocomensis
1538 4006 1575 4021 -
1595 3964 1774 4037 Nicolaus
1789 3963 1877 4037 Ger-

270 4083 401 4154 bellz'us
418 4082 632 4178 Phorcenst's
649 4126 695 4138 —
709 4083 926 4154 Laurentius
947 4084 1146 4180 Abstennits
1161 4126 1202 4137 -
1217 4084 1435 4155 Laurentius
1456 4084 1563 4155 Vallo
1580 4122 1630 4138 -
1647 4078 1785 4182 Aesopi
1798 4082 1877 4156 vita

272 4226 318 4272 ex
344 4199 445 4273 Max.
478 4200 645 4275 Planude
666 4217 856 4301 excerpta.
879 4218 917 4275 et
943 4219 1062 4278 aucta.
1090 4203 1154 4276 fol.
1180 4201 1264 4276 eod.
1290 4202 1326 4276 b.
1343 4200 1480 4301 Aesopi
1494 4200 1573 4276 vita
1595 4198 1811 4275 brevillime
1829 4226 1875 4276 ex

269 4317 438 4390 Muenna
469 4318 643 4392 Planude.
664 4362 714 4376 —
746 4346 792 4391 ex
820 4318 1039 4418 th‘lsfftratz‘
1061 4318 1289 4419 imaginibus
1309 4363 1354 4379 —
1375 4318 1538 4421 Epistola
1564 4318 1723 4393 Mamiu'
1743 4318 1881 4421 Dotpii

270 4434 317 4508 ad
336 4435 433 4507 Joun
453 4435 578 4534 Leppe.
598 4437 661 4511 sol.
679 4439 735 4509 50.
757 4436 820 4513 lin.
838 4440 896 4514 28.
916 4438 1001 4515 finis
1019 4436 1256 4514 diversorum
1272 4439 1478 4513 authorum
1496 4454 1534 4513 et
1551 4436 1807 4537 interpretum
1823 4436 1882 4533 la·-

269 4554 379 4628 bulae
397 4550 551 4627 excusae
566 4550 651 4626 sunt
678 4553 852 4655 impensts
870 4558 984 4631 Pauli
1004 4558 1094 4631 Go'tz
1112 4556 1350 4655 Argentoruti
1373 4558 1489 4631 Anno
1513 4556 1565 4630 M.
1583 4556 1632 4631 D.
1651 4555 1741 4630 XX.
1760 4554 1874 4631 Char.

268 4674 327 4749 lat.
346 4670 474 4773 grand.
496 4670 572 4767 loll.
588 4669 674 4770 lign.
695 4674 751 4747 50.
774 4673 837 4751 lin.
855 4674 912 4747 33.
935 4681 966 4764 4.
1608 4662 1612 4667 ’
1785 4674 1790 4681 ’

456 4814 606 4869 Punzerus
627 4813 661 4868 T.
671 4810 697 4867 6.
716 4832 745 4889 p.
756 4828 802 4893 92.
822 4815 859 4871 N.
878 4814 944 4872 552.
963 4811 1078 4889 quidem
1095 4813 1294 4872 collectionem
1312 4814 1417 4875 harum
1435 4813 1619 4881 fabularum,
1634 4830 1705 4889 quas
1720 4813 1801 4871 varii
1817 4830 1871 4868 au-
