4320 5700
635 592 876 681 carnosus
900 613 1277 678 auuocnarffleus
1303 619 1590 678 uccccxcvur.
1839 605 1906 702 195

268 800 271 807 ’
391 804 475 876 625.
501 844 551 860 -
575 802 726 875 Horatii
736 800 1031 874 Flacciverufini
1045 815 1158 899 poete
1174 798 1270 872 lirici
1290 825 1408 899 opera
1428 826 1516 872 cum
1539 798 1767 902 quibusdam
1784 827 1905 876 anuo-

289 920 521 1005 tationibus,
548 919 774 1019 imaginibus
790 917 1059 1018 pulcherrimis
1077 918 1251 1018 aptisque
1279 914 1324 991 ad
1345 918 1501 990 Odarum
1530 933 1736 1016 conceptus
1764 935 1801 992 et
1822 917 1904 992 len-

291 1038 373 1112 tias.
404 1081 443 1096 -
462 1037 619 1112 Haecin
635 1037 772 1111 fronte.
791 1079 840 1092 -
859 1036 1083 1135 Sequuntur
1108 1035 1241 1108 Jacobi
1262 1034 1421 1108 Lochari
1441 1034 1643 1136 philomusl
1670 1051 1808 1136 poetae
1826 1037 1904 1112 lau·

293 1157 387 1230 reati
410 1157 457 1229 ad
475 1157 635 1230 lectores
657 1155 852 1256 epigrama
867 1197 917 1210 -
934 1153 1087 1253 epistola
1109 1154 1155 1226 ad
1177 1152 1429 1226 Marchioaem
1459 1155 1625 1226 Caralum
1643 1153 1843 1251 Badenſsem
1860 1197 1903 1215 -

273 1275 370 1348 ·vita
378 1271 544 1359 Horatii,
568 1271 763 1359 mensura,
781 1272 909 1347 tabula
928 1250 1164 1355 metrorum,
1195 1296 1282 1343 cum
1300 1271 1506 1344 directorio
1526 1287 1565 1345 et
1584 1272 1708 1346 indice
1727 1274 1904 1348 locorum

289 1389 421 1465 re'rum
442 1408 479 1467 et
491 1390 764 1486 sententiarum
785 1391 830 1464 ad
843 1389 1061 1477 virtutes-
1073 1389 1176 1461 Haec
1195 1388 1324 1462 omnia
1339 1387 1584 1471 continentur
1603 1390 1642 1462 in
1658 1390 1736 1463 foll.
1753 1418 1805 1464 11.
1820 1419 1900 1464 non

289 1508 447 1609 lignatis.
480 1510 543 1584 fol.
571 1509 699 1610 primo
729 1508 869 1606 fignato
901 1507 1034 1607 incipit
1060 1505 1183 1605 ipsum
1206 1531 1322 1604 opus,
1351 1507 1510 1606 linitque
1537 1507 1599 1580 fol.
1618 1535 1699 1604 207.
1727 1510 1797 1582 hac
1816 1507 1902 1583 sub·

289 1615 760 1729 lcriptionefelaboratum
778 1624 995 1725 imprellum
1014 1650 1089 1724 que
1105 1627 1152 1734 est
1172 1622 1246 1696 boc
1262 1624 1428 1721 elegans,
1447 1640 1642 1710 ornatum,
1663 1625 1901 1726 splendidum

290 1762 564 1847 comptumque
586 1746 738 1818 Horatii
754 1746 882 1816 Flacci
901 1788 938 1802 -
963 1768 1060 1840 opus
1080 1768 1170 1814 cum
1185 1740 1385 1814 utilillimis
1414 1744 1646 1840 argumentis
1666 1760 1704 1819 et
1730 1745 1904 1846 imagini·

210 1875 212 1879 ”
288 1865 417 1940 busin
439 1863 599 1949 celebri,
625 1862 745 1936 libera
763 1860 1029 1960 imperialique
1049 1859 1146 1932 urbe
1168 1859 1377 1956 Argentzaa.
1400 1857 1530 1959 Opera
1549 1878 1587 1935 et
1609 1861 1780 1963 impenso
1798 1866 1904 1939 sedu-

286 1981 333 2056 lis
352 2009 507 2081 quoque
521 1971 716 2055 laboribus
732 1977 887 2079 providi
903 1976 976 2051 viri
990 1976 1176 2050 Johanais
1192 1977 1403 2050 Ilcz'rzhardi
1417 1996 1673 2077 cognomento
1694 1982 1904 2081 Gia'mrizger

286 2099 382 2198 (pro
401 2099 622 2195 Gruniger)
638 2095 735 2170 civis
748 2092 928 2171 eiusdem
937 2094 1044 2168 urbis
1064 2095 1331 2192 argentinenfis
1350 2112 1486 2194 quarto
1506 2094 1590 2169 idus
1602 2097 1732 2171 Martii
1752 2099 1899 2176 absolu-

204 2206 205 2209 *
244 2300 250 2315 Ι
284 2231 369 2289 tum
390 2240 487 2288 vero
516 2216 632 2287 Anno
654 2212 803 2288 'domini
829 2211 1202 2286 nccccxcvtu.
1238 2213 1351 2286 Char.
1373 2239 1470 2285 rom.
1500 2213 1639 2312 splend.
1669 2231 1708 2288 et
1734 2235 1896 2293 accurat.

285 2359 374 2405 cum
402 2333 526 2430 signat.
545 2330 677 2430 Epigr.
699 2328 822 2430 gloffis
844 2330 1116 2429 marginalibus
1136 2330 1346 2429 tripartitis.
1368 2330 1448 2403 foll.
1469 2331 1554 2429 fign.
1581 2359 1662 2429 207.
1681 2333 1748 2407 lin.
1772 2343 1899 2412 textus

288 2451 518 2552 plerumque
530 2455 588 2539 24.
607 2447 813 2546 interjectis
828 2446 955 2548 spatiis
978 2462 1016 2522 et
1030 2446 1233 2543 subjunctis
1252 2436 1573 2523 annotationibus.
1586 2450 1607 2522 f.

481 2609 611 2665 Panaeti
626 2606 732 2662 Annal.
756 2607 888 2682 Typogr.
908 2608 943 2662 Τ.
964 2628 987 2661 1.
1005 2627 1033 2681 p.
1044 2606 1089 2662 61.
1105 2608 1143 2662 N.
1156 2609 1217 2681 339.
1239 2609 1340 2662 Μαίη.
1358 2629 1386 2682 p.
1398 2607 1450 2664 662
1471 2623 1499 2662 et
1515 2607 1567 2683 647
1585 2609 1697 2685 legatur
1716 2613 1819 2684 quinto
1836 2615 1901 2670 idus

572 2702 683 2757 Martii
694 2699 864 2774 Heidsgger
880 2718 939 2753 non
954 2701 1101 2753 immerito
1120 2698 1254 2754 adnotat:
1275 2698 1369 2754 editio>
1382 2699 1452 2754 haec
1469 2703 1546 2755 inter
1568 2686 1715 2777 principes
1741 2725 1895 2762 muneran-

573 2792 629 2859 da,
648 2777 797 2866 quaenon
814 2810 850 2846 ex
865 2792 944 2847 italis
962 2791 1175 2866 exemplaribus
1193 2791 1300 2846 dudum
1316 2792 1417 2856 editis,
1436 2792 1483 2845 led
1500 2813 1535 2848 ex
1552 2793 1700 2849 codicibus
1719 2799 1897 2875 manuscrip-

570 2887 607 2940 tis
624 2887 655 2939 in
672 2886 822 2959 germania
839 2886 961 2960 repertis
981 2883 1105 2960 exprella
1125 2883 1169 2937 est.
1189 2915 1221 2927 -
1250 2885 1283 2938 in
1301 2884 1457 2939 collatione
1476 2904 1540 2940 cum
1560 2885 1737 2944 editionibus
1755 2894 1896 2948 recentio-

568 2976 650 3032 ribus
668 2975 768 3031 ultimi
783 2975 873 3032 loculi
898 2977 1021 3044 inveni,
1044 2977 1172 3052 integras
1193 2975 1294 3050 glolla's
1315 2977 1574 3051 annotationesque
1598 2979 1700 3036 iisdem
1718 2982 1898 3043 verbotenus

572 3069 653 3125 laissa
671 3070 799 3126 insertas.

924 3321 1258 3397 MCCCCXCIX.

379 3509 461 3580 626.
489 3547 533 3561 ·—
561 3506 641 3577 Hac
660 3528 723 3575 ars
741 3504 892 3574 moralis·
908 3482 994 3576 cuin
1019 3502 1200 3602 singulos,
1226 3520 1309 3577 tum
1325 3504 1518 3580 civitatem
1536 3535 1633 3610 quae
1662 3539 1709 3584 ex
1744 3513 1893 3613 singulis

281 3624 490 3725 colligitur,
520 3623 566 3697 ad
594 3624 745 3697 beatam
761 3621 880 3695 vitam
908 3620 1070 3707 instruit,
1094 3619 1301 3722 sequenda,
1329 3622 1583 3727 fugiendoque
1603 3634 1795 3704 monstrat.
1818 3632 1894 3706 vir-

274 3759 336 3816 tus
354 3742 457 3816 enim
473 3741 677 3841 sequenda,
699 3739 835 3812 vitium
856 3756 983 3812 autem
1002 3739 1245 3836 fugiendum,
1272 3755 1309 3812 et
1328 3741 1532 3838 Aristotelis
1559 3746 1776 3847 philosophi
1806 3773 1890 3822 mo·

273 3860 366 3935 ralia
385 3860 554 3945 illustria,
577 3858 752 3958 claraque
769 3856 893 3931 reddit
911 3872 979 3929 etc.
996 3898 1045 3911 —
1064 3857 1168 3932 Haec
1187 3857 1227 3927 in
1242 3856 1367 3930 fronte
1383 3901 1422 3916 -
1444 3861 1568 3937 forma
1588 3863 1807 3961 triangulari
1821 3866 1892 3940 im-

277 3977 406 4078 prella.
420 4020 469 4035 -
486 3977 549 4050 fol.
569 4003 602 4049 a.
622 3975 757 4049 Jacabi
771 3974 883 4046 Fabri
898 3973 1119 4071 stapulensis
1140 3999 1199 4046 ars
1215 3974 1369 4047 moralis
1389 3976 1434 4049 ad
1455 3979 1655 4053 studiosum
1669 3980 1795 4053 virum
1807 4009 1896 4081 ger·

276 4121 434 4170 manum
453 4095 499 4168 de
522 4095 656 4194 Ganay
672 4091 925 4165 confiliarium
944 4091 1092 4190 regium
1109 4106 1147 4165 et
1163 4090 1348 4164 decanum
1365 4093 1600 4192 beluacensis
1612 4140 1659 4154 -
1673 4098 1825 4197 epistola
1842 4146 1892 4161 —
1926 4141 1930 4151 ·

274 4214 338 4288 lol.
355 4215 388 4286 3.
405 4240 465 4287 ars
485 4211 652 4286 moralis.
675 4251 720 4264 -
742 4210 825 4282 finit
841 4210 903 4282 fol.
931 4215 982 4299 14.
1002 4209 1036 4282 b.
1065 4210 1127 4284 lin.
1151 4211 1203 4283 16.
1231 4208 1450 4308 imprellurn
1467 4211 1606 4308 Parisii
1629 4214 1668 4287 in
1701 4216 1892 4296 Bellonilu

275 4358 346 4432 per
370 4331 587 4430 magistrum
618 4328 816 4429 Quidamm
837 4327 1070 4401 Mercatorem
1093 4329 1207 4401 Anno
1233 4327 1368 4402 Christi
1392 4327 1587 4405 salvatoris
1608 4333 1798 4412 virtutum
1826 4368 1891 4414 au·

252 4449 396 4573 xthoris
412 4476 455 4524 ac
480 4446 626 4522 domini
645 4445 905 4519 MCCCCXC.
925 4447 992 4520 IX.
1014 4448 1074 4522 die
1099 4446 1207 4520 XIX.
1236 4444 1442 4523 Februarii.
1468 4449 1579 4526 Char.
1604 4456 1707 4552 goth.
1734 4458 1893 4533 minulc.

277 4593 367 4642 cum
382 4567 469 4668 fign.
485 4567 562 4640 foll.
587 4572 641 4653 14.
663 4590 741 4636 non
762 4564 847 4663 sign.
873 4565 936 4638 lin.
954 4566 1011 4639 38.
1034 4573 1067 4653 4.

469 4720 718 4803 Pauzeridnnal.
736 4746 869 4820 Typogr.
899 4748 933 4800 T.
944 4761 970 4800 2.
1000 4745 1104 4820 p.326.
1129 4747 1168 4802 N.
1179 4747 1242 4820 5²7·
1268 4748 1370 4804 Matre.
1393 4768 1420 4825 p.
1438 4745 1502 4823 708.

1465 4903 1496 4975 B
1524 4903 1547 4975 b
1574 4932 1599 4975 9.
