4320 5700
271 581 340 655 186
596 596 838 658 caracoous
864 594 1241 658 rinctoonarmcos
1266 592 1568 693 ncccccxxxr.

267 775 395 848 studiis
414 792 452 849 et
472 776 646 875 ingenuis
664 776 836 852 moribus
857 777 953 852 liber
969 804 1040 879 per
1063 779 1292 852 leonardum
1311 777 1504 852 Arcanum
1524 800 1573 852 ex
1587 798 1726 874 graeco
1743 775 1785 847 in
1801 773 1881 849 lati·

269 918 365 967 num
384 892 586 970 conversus
602 938 654 1001 -3
671 896 733 971 fol.
753 898 811 993 37.
828 897 891 970 lin.
908 898 966 971 25.
991 896 1210 998 imprellum
1229 898 1388 971 Bn'xr'ae
1408 922 1479 998 per
1501 892 1670 968 Iacobum
1689 890 1882 966 Bn'tonni·

272 1036 350 1083 cum
373 1013 593 1088 Brixianam
619 1015 679 1089 die
705 1015 909 1089 XXVllll.
933 1017 1031 1092 Nov.
1052 1016 1437 1091 MCCCCLXXXV.
1454 1052 1502 1073 ·-
1527 1012 1641 1088 Char.
1663 1012 1727 1087 lat.
1746 1012 1884 1113 'grand

277 1156 364 1204 cum
385 1131 510 1233 signat.
528 1134 605 1209 foll.
623 1135 681 1208 36.
700 1134 763 1209 lin.
786 1161 844 1232 ²7·
864 1142 898 1223 4.

465 1275 615 1331 Ponzerns
641 1275 673 1329 in
690 1274 795 1329 Annal.
822 1290 942 1350 typogr.
970 1276 1005 1330 T.
1018 1295 1042 1329 1.
1070 1294 1099 1350 p.
1118 1287 1182 1349 247.
1212 1275 1251 1330 N.
1263 1268 1307 1330 28.
1328 1274 1417 1330 eliam
1435 1270 1553 1329 exhibet
1571 1270 1732 1328 editionem
1749 1272 1811 1328 hoc
1826 1273 1889 1348 ipio

562 1386 639 1423 nuno
661 1363 740 1439 1485.
764 1366 889 1432 facum,
915 1383 1040 1423 attamen
1060 1366 1107 1422 die
1124 1368 1176 1425 Vt.
1195 1365 1367 1423 Decembris
1382 1386 1434 1442 per
1450 1366 1596 1423 Ioannem
1609 1366 1802 1421 Brittanicum
1819 1368 1887 1422 Bri·

563 1464 633 1515 aeiae
660 1459 800 1523 linitam,
832 1463 880 1515 cui
898 1464 984 1515 etiarn
1019 1460 1170 1515 Plutarchi
1188 1476 1326 1515 mactatus
1348 1456 1504 1513 delibaris
1529 1456 1688 1514 educandis
1711 1457 1844 1513 latinaes
1864 1474 1892 1513 et

562 1553 737 1625 Hieronymi
749 1554 913 1625 Presbyteri
929 1552 964 1608 de
982 1554 1082 1610 officio
1096 1572 1166 1629 erga
1183 1569 1316 1628 parentes
1333 1566 1415 1608 tract.
1433 1550 1570 1630 adjnxtus
1586 1548 1644 1617 est,
1669 1550 1724 1624 qui
1738 1551 1770 1605 in
1791 1570 1889 1606 exem·

562 1644 640 1716 plari
654 1644 742 1700 huius
760 1643 960 1701 Bibliothecae
975 1666 1035 1703 non
1051 1648 1181 1703 contenti
1195 1646 1270 1703 lunt.

873 1836 1295 1910 MCCCCLXXXVll.

373 1972 455 2045 601.
484 2013 531 2027 -
556 1972 761 2071 Fasciculus
774 1989 977 2074 temporum:
998 2017 1045 2031 —
1065 1977 1169 2050 Haec
1189 1976 1226 2049 in
1244 1972 1371 2049 fronte
1393 2016 1439 2033 -
1457 1971 1592 2073 incipit
1607 1970 1739 2047 tabula
1766 1970 1900 2046 brevis

277 2105 315 2164 et
333 2089 436 2165 utilis
455 2089 568 2191 super
584 2090 704 2180 libro,
724 2092 789 2193 qui
807 2093 946 2167 dicitur
960 2093 1154 2168 fasciculus
1171 2109 1393 2193 temporum
1412 2108 1481 2166 etc.
1501 2130 1552 2149 -··
1581 2090 1645 2163 fol.
1669 2116 1702 2165 1.
1730 2088 1889 2165 chroni-

278 2234 352 2282 con
370 2251 416 2265 —
439 2209 523 2284 finit
546 2210 609 2284 fol.
630 2236 691 2309 9ο.
709 2210 745 2284 b.
766 2209 984 2312 imprellum
1000 2213 1228 2310 Argentince
1245 2236 1316 2311 per
1335 2210 1540 2283 Iohannem
1559 2208 1662 2310 Prys
1687 2208 1811 2283 Anno
1833 2208 1902 2283 do·

281 2327 377 2403 mini
396 2328 817 2404 MCCCCLXXXVII.
840 2330 950 2405 Char.
968 2330 1071 2429 goth.
1092 2354 1181 2402 cum
1197 2330 1305 2428 figur.
1325 2329 1402 2404 foll.
1421 2354 1481 2429 90.
1498 2326 1585 2426 llgn.
1603 2326 1627 2400 l.
1644 2327 1706 2417 45.
1727 2326 1754 2401 f.

475 2490 603 2546 Ponzeri
620 2488 725 2545 Annal.
749 2490 882 2566 Typogr.
905 2490 941 2545 T.
952 2490 979 2545 5.
998 2509 1026 2564 p.
1046 2490 1091 2544 51.
1112 2488 1150 2544 N.
1170 2501 1232 2544 102.
1252 2490 1355 2546 Moitt.
1375 2509 1406 2564 p.
1423 2497 1488 2563 490.
1506 2486 1606 2543 differt
1620 2486 1674 2542 hie
1690 2484 1852 2543 fasciculus
1870 2484 1907 2545 ab

574 2581 635 2637 illis
654 2581 800 2638 chronicis
818 2600 989 2659 temporum.
1007 2582 1069 2638 vol.
1082 2603 1106 2637 1.
1124 2583 1162 2637 N.
1172 2576 1218 2654 78
1236 2596 1265 2636 et
1282 2580 1342 2653 176.
1359 2582 1418 2635 mai
1434 2580 1562 2654 catalogi
1577 2582 1640 2635 iam
1658 2580 1815 2648 indicatis,
1828 2578 1907 2657 quod

574 2690 686 2730 tantum
705 2677 850 2750 usquead
868 2696 975 2731 annum
996 2676 1229 2733 MDLXXXIV·
1245 2674 1274 2729 ie
1292 2673 1436 2730 extendat.
1663 2668 1670 2677 ’

865 2866 1304 2940 MCCCCLXXXVlll.

386 3030 468 3101 b'oa.
497 3071 543 3086 -
576 3027 709 3101 Testor
725 3028 989 3125 sententiarum
1017 3052 1106 3100 cum
1129 3023 1431 3100 conclusionibus
1454 3050 1497 3099 ac
1521 3023 1644 3099 titulis
1664 3024 1912 3125 questionum

288 3146 323 3221 S.
348 3145 507 3219 Thorace
523 3145 769 3247 articulisque
786 3144 1068 3232 Parifienfibus‚
1087 3161 1126 3219 et
1143 3146 1183 3217 in
1200 3142 1340 3245 quibus
1358 3141 1529 3241 magister
1543 3142 1810 3217 communiter
1826 3168 1909 3217 non

288 3281 450 3339 tenetur.
467 3306 518 3322 -
533 3265 637 3339 Haec
652 3265 693 3338 in
707 3264 833 3340 fronte
850 3308 899 3323 -
919 3264 983 3340 fol.
1006 3292 1033 3338 ι.
1053 3264 1088 3337 b.
1107 3262 1316 3363 lequuntur
1339 3260 1439 3334 tituli
1460 3258 1866 3360 quaestionum-fol.
1878 3261 1912 3335 3.

289 3381 477 3479 Prologus
497 3397 535 3454 et
554 3382 701 3459 Rubiae
717 3425 769 3438 -
785 3383 847 3455 fol.
869 3385 902 3457 5'.
920 3383 954 3456 b.
976 3382 1072 3456 liber
1087 3381 1135 3455 de
1149 3381 1325 3480 mysterio
1342 3378 1523 3455 trinitatis
1541 3376 1670 3451 -fot
1686 3380 1773 3468 245.
1787 3378 1826 3453 b.
1845 3380 1911 3453 lin.

289 3528 324 3601 9.
348 3499 445 3573 liber
469 3498 740 3577 sententiarum
767 3499 932 3597 Magistri
957 3500 1060 3571 Petri
1078 3499 1279 3572 Lomlcrdi
1296 3525 1385 3573 cum
1414 3496 1718 3572 conclulionibus
1736 3497 1910 3597 Magistri

293 3618 450 3694 Hearici
465 3615 643 3690 Goriclrea
661 3632 729 3689 etc.
749 3615 948 3689 -additis
966 3616 1117 3715 insuper
1138 3616 1367 3717 quibusdam
1385 3615 1552 3692 articulis
1578 3614 1620 3701 in
1646 3613 1765 3691 certis
1785 3614 1910 3689 facul·

290 3738 433 3815 tatibus
451 3734 623 3810 erroneis
647 3733 739 3807 etin
755 3733 829 3807 fide
848 3730 1031 3809 catholiea
1050 3732 1235 3835 suspectis.
1255 3734 1411 3833 Parisiis
1428 3732 1690 3809 doctrinaliter
1709 3749 1750 3810 et
1773 3732 1914 3809 autho·

295 3856 448 3933 ritative
465 3883 487 3930 a
508 3852 703 3927 catholicis
722 3852 990 3927 tractatoribus
1010 3853 1280 3929 condemnabis
1304 3852 1485 3953 exlplicit.
1508 3851 1685 3953 impenfis
1702 3867 1822 3953 atque
1840 3850 1914 3926 lin·

297 3977 419 4077 gulari
438 4000 578 4076 operae
602 3969 927 4069 NicolaiKcfislers
943 3972 1035 4046 civis
1052 3973 1228 4048 Bafileen.
1246 4014 1293 4030 -
1313 3996 1430 4074 quam
1449 3967 1726 4069 diligentillime
1752 3966 1916 4070 impres-

296 4098 363 4169 sus.
382 4097 498 4166 Anno
518 4091 787 4166 incarnationis
816 4091 960 4165 domini
983 4095 1063 4190 post
1088 4091 1315 4165 milesimum
1332 4105 1543 4190 quaterque
1572 4086 1820 4162 centesimum
1849 4112 1915 4161 oc·

301 4213 483 4311 togefimo
510 4229 669 4286 octavo..
689 4211 838 4284 decimo
866 4237 958 4284 vero
994 4208 1152 4284 Kalend.
1181 4207 1314 4281 mensis
1349 4207 1539 4283 Octobris.
1574 4208 1799 4308 Sequuntur
1824 4206 1912 4294 1146.

300 4331 420 4404 Tituli
440 4331 701 4430 quaestionum
728 4344 766 4404 et
785 4329 983 4429 registrum
1012 4327 1309 4412 distinctionum,
1331 4327 1511 4427 quodque
1537 4324 1621 4399 finit
1648 4323 1711 4398 fol.
1734 4324 1816 4413 264.
1844 4322 1910 4396 lin.

301 4451 358 4539 34.
380 4447 547 4520 Christus
565 4448 603 4520 in
624 4475 699 4549 qua
718 4449 842 4523 forma
860 4447 1040 4523 indicabit
1063 4463 1132 4523 etc.
1152 4446 1264 4521 Char.
1281 4447 1384 4545 goth.
1408 4441 1561 4520 minulc.
1579 4469 1668 4519 cum
1685 4440 1773 4551 llgn.
1789 4438 1914 4541 epigr.

306 4570 381 4645 foll.
400 4569 580 4657 16411011
598 4594 701 4642 num.
724 4569 786 4642 lin.
811 4596 866 4665 70.
889 4568 912 4641 f.

498 4712 625 4769 Panaeti
640 4710 745 4765 Annal.
764 4712 897 4785 Typogr.
917 4708 990 4762 T..1.
1009 4726 1037 4781 p.
1050 4703 1101 4760 163
1118 4702 1156 4759 N.
1164 4722 1209 4777 95.
1229 4724 1264 4758 ex
1281 4702 1398 4763 diverlis
1418 4701 1595 4762 editionibus
1612 4698 1719 4769 constat
1738 4698 1910 4761 Karteron

589 4807 647 4862 hoc
664 4825 737 4881 opus
754 4806 891 4863 Basileon
911 4798 988 4876 1488.
1005 4796 1052 4876 89.
1067 4814 1111 4874 92.
1130 4792 1209 4873 11198.
1227 4797 1349 4855 edidilla.
