4320 5700
677 534 918 593 CATALOGUS
945 532 1322 613 nlnuocnarnrcus
1347 532 1425 591 MD.

566 712 707 769 editiones
733 712 850 770 exhibet
867 736 874 781 ς
895 713 967 772 haec
985 730 1081 771 autem
1101 712 1119 769 11
1136 714 1326 783 111011εαί110,
1351 714 1493 779 Dealsr'o,
1514 726 1543 768 et
1558 712 1694 768 Panzero
1709 727 1771 767 non
1787 729 1882 768 receu-

565 807 615 863 sita
631 805 696 863 suit.

373 1015 456 1091 636.
474 1058 523 1073 —
537 1019 698 1116 Idstorz'a
727 1018 800 1092 srve
829 1018 1070 1119 Evangelium
1089 1019 1289 1121 Nycodemi
1303 1018 1360 1115 {de
1384 1016 1490 1117 gestis
1515 1042 1537 1090 a
1564 1013 1808 1116 principibus
1834 1015 1885 1095 sa-

278 1132 478 1208 cerdotum
496 1135 541 1210 de
559 1135 726 1236 passione
744 1154 782 1211 et
794 1136 1070 1213 resurrectione
1091 1135 1258 1225 domini,
1284 1163 1381 1237 quae
1409 1134 1564 1211 inventa
1583 1138 1632 1209 est
1660 1133 1801 1207 litteris
1821 1134 1886 1208 he-

274 1250 411 1327 braicis
432 1282 452 1327 a
477 1254 672 1352 Theodoszb
691 1281 830 1353 magno
847 1255 1078 1356 imperatore
1099 1256 1137 1329 iu
1155 1255 1380 1351 herusalem
1405 1252 1445 1327 in
1468 1252 1641 1354 pretorio
1666 1251 1798 1325 Pomri'
1817 1251 1886 1353 Py-

276 1369 351 1441 lati
364 1371 402 1443 in
420 1372 613 1445 codicibus
629 1373 855 1472 publicis-
869 1375 974 1448 Haec
991 1374 1031 1447 in
1046 1374 1173 1450 sronte
1191 1416 1241 1433 -
1257 1398 1346 1447 cum
1365 1371 1528 1471 imagine
1545 1370 1722 1445 crucifixi
1737 1410 1784 1425 -
1803 1369 1886 1445 finit

278 1486 341 1561 sol.
367 1490 420 1562 16.
433 1489 495 1563 lin.
512 1490 569 1588 39.
581 1489 766 1588 speciosus
778 1492 876 1566 inter
892 1492 989 1564 filios
1002 1492 1213 1567 hominum.
1233 1492 1315 1566 eod.
1336 1490 1359 1564 s.
1378 1488 1413 1564 b.
1426 1490 1552 1589 imago
1569 1487 1753 1563 crucifixi.
1775 1488 1884 1565 Char.

279 1606 383 1703 goth.
400 1606 476 1681 soll.
495 1609 547 1681 16.
568 1607 629 1682 lin.
641 1608 698 1707 39.
722 1616 755 1697 4.
779 1611 842 1681 Ex
858 1611 1067 1684 collectione
1084 1610 1321 1685 Herbr'ziana.

471 1809 600 1864 Panaeti
618 1809 723 1865 Annas.
742 1810 874 1886 Typogr.
895 1813 930 1865 T.
940 1822 969 1884 4.
987 1831 1016 1888 p.
1029 1810 1087 1872 126.
1104 1811 1144 1866 Ν.
1153 1820 1216 1887 477.
1235 1812 1394 1886 Bolongcr.
1417 1808 1552 1866 Grarem.
1572 1807 1637 1864 Cat.
1664 1812 1690 1865 1.
1701 1827 1732 1884 p.
1742 1802 1789 1883 48

375 2101 459 2199 637.
476 2143 522 2158 -
544 2103 668 2202 Paffi'o
684 2105 827 2178 domini
839 2103 1048 2203 nostrz'Jesu
1063 2102 1198 2203 Christi
1209 2103 1417 2179 secundum
1432 2100 1568 2179 seriem
1590 2116 1758 2204 quatuor
1774 2128 1886 2177 eran·

276 2219 488 2318 gelidarum
507 2249 576 2322 per
593 2224 797 2324 quemdam
816 2223 953 2299 satrem
972 2224 1117 2299 ordinis
1130 2223 1325 2297 minorum
1343 2221 1388 2297 de
1410 2219 1649 2297 observantia
1662 2219 1887 2297 accuratissi-

276 2364 339 2412 ma
357 2363 475 2439 opera
496 2339 806 2441 devotissimeque
826 2341 1058 2442 exposltione
1078 2341 1256 2414 illustrata
1274 2366 1580 2440 magnorumque
1601 2340 1782 2414 virorum
1807 2336 1886 2413 sen·

274 2457 404 2531 tentiis
432 2456 668 2531 vetustissime
694 2459 884 2533 adornata.
912 2501 961 2515 —
985 2459 1151 2532 Haecin
1176 2458 1302 2533 fronte
1322 2484 1372 2517 ··-
1395 2484 1484 2532 cum
1507 2454 1672 2557 imagine
1697 2456 1885 2557 apostolos

275 2574 514 2673 evangelistas
530 2590 567 2649 et
587 2577 795 2674 prophetas
813 2575 1105 2678 representante.
1123 2620 1174 2633 —
1189 2576 1252 2651 sol.
1271 2577 1354 2652 eod.
1371 2576 1496 2675 imago
1514 2574 1745 2651 crucifixi-
1771 2574 1837 2649 sol.
1852 2600 1885 2649 1.

271 2692 390 2793 passio
408 2692 552 2767 domini
568 2693 683 2767 nostri
700 2691 783 2792 Jaefir
803 2697 895 2769 Clari
905 2699 938 2769 ti
952 2740 995 2754 -
1015 2695 1076 2771 sol.
1097 2702 1152 2787 14.
1171 2695 1233 2770 1111.
1257 2722 1310 2769 10.
1331 2696 1538 2770 Sermones
1553 2709 1632 2768 tres
1648 2692 1696 2769 de
1715 2692 1885 2795 passione

273 2811 544 2885 domininostri
563 2811 645 2910 lesu
667 2810 804 2910 Clmste'
814 2814 950 2888 finiunt
968 2814 1190 2889 feliciter-
1206 2814 1270 2888 sol.
1288 2812 1425 2889 eodem
1440 2813 1505 2887 lin.
1525 2839 1580 2885 12.
1595 2808 1769 2913 sequitur
1788 2826 1884 2889 trae

271 2943 372 3003 tatus
392 2929 494 3001 beati
512 2930 726 3002 Bernhardi
739 2931 784 3004 de
799 2933 955 3032 planctu
974 2932 1105 3006 beatae
1123 2932 1268 3006 Mariae
1285 2929 1520 3031 Virginis-
1535 2931 1584 3005 ad
1600 2929 1720 3003 finem
1735 2928 1802 3004 sol.
1830 2930 1884 3005 16.

271 3045 413 3136 111143.
438 3047 592 3146 explicit
619 3064 801 3124 tractatus
830 3049 932 3121 beati
953 3049 1166 3123 Bemhardi
1186 3049 1232 3124 de
1255 3050 1411 3149 planctu
1433 3046 1712 3149 gloriosissimae
1736 3048 1886 3124 Mariae

272 3164 455 3262 Virginis.
474 3165 585 3239 Char.
606 3168 709 3265 gotb.
733 3166 907 3240 minutiss.
928 3167 1004 3242 soll.
1026 3170 1080 3242 16.
1096 3194 1175 3242 non
1192 3167 1279 3269 slgn.
1297 3167 1360 3241 lin.
1380 3173 1439 3268 49.
1460 3173 1495 3258 4.

466 3366 616 3421 Panzerus
643 3369 675 3421 in
700 3368 806 3424 Annal.
826 3370 958 3444 Typogr.
983 3370 1019 3425 T.
1035 3380 1064 3444 4.
1090 3390 1120 3445 p.
1141 3386 1205 3443 172.
1232 3391 1260 3427 11.
1278 3380 1343 3446 914.
1363 3385 1392 3425 et
1408 3368 1548 3445 Deurjius
1572 3370 1606 3424 in
1619 3366 1761 3445 supplem.
1775 3368 1884 3425 annal.

560 3478 590 3532 p.
608 3457 673 3516 632.
690 3461 727 3515 N.
743 3456 823 3516 5861.
844 3478 918 3516 certe
935 3462 1091 3518 editionem
1118 3462 1224 3519 horum
1241 3464 1405 3519 sermonum
1425 3480 1485 3519 11011
1509 3460 1676 3531 viderunt,
1701 3460 1777 3519 alias
1802 3480 1883 3517 men·

562 3554 671 3606 tionem
688 3552 721 3606 de
739 3568 864 3608 tractatu
881 3556 1008 3629 apposito
1023 3554 1155 3610 fecissent.

368 3844 450 3918 638.
477 3887 527 3900 —
552 3842 719 3918 Practr‘ca
744 3844 974 3920 electionum
1000 3850 1259 3949 praelatorum
1278 3893 1326 3912 -
1355 3851 1461 3925 Haec
1487 3850 1526 3924 in
1550 3850 1745 3925 fronte-
1762 3851 1828 3926 sol.
1847 3878 1879 3925 2.

270 3964 441 4039 Praetica
471 3963 703 4038 electionum
728 3965 988 4063 praelatorum
1015 3968 1148 4069 incipit
1174 4018 1216 4031 -
1242 3970 1423 4045 adfinem
1448 3969 1512 4043 sol.
1530 3970 1587 4043 32.
1617 3968 1681 4043 lin.
1706 3972 1761 4045 18.
1778 3987 1880 4045 -et

268 4108 340 4181 per
362 4083 435 4156 boc
450 4082 490 4157 slt
508 4082 612 4181 Jesus
628 4082 667 4156 in
685 4080 805 4156 secula
826 4081 1048 4160 benedictus
1070 4114 1191 4161 amen.
1211 4089 1323 4163 Char.
1339 4089 1445 4188 goth.
1468 4115 1557 4165 cum
1573 4088 1645 4163 litt.
1668 4086 1880 4165 initialibus

271 4200 400 4300 grand.
419 4218 456 4275 et
471 4202 573 4275 rubr.
600 4201 680 4276 foll.
697 4201 754 4275 32.
777 4229 856 4275 non
879 4201 964 4301 slgn.
985 4204 1048 4279 lin.
1066 4206 1124 4278 36.
1143 4213 1176 4294 4.

464 4423 613 4478 Panzerus
633 4423 666 4477 in
681 4423 786 4480 Annas.
805 4425 937 4501 Typogr.
956 4426 990 4480 T.
999 4436 1026 4500 4.
1050 4446 1077 4501 p.
1089 4427 1149 4500 154.
1171 4427 1209 4487 N.
1220 4428 1284 4501 756.
1309 4428 1385 4487 hanc
1403 4431 1561 4506 practicam
1579 4429 1642 4507 post
1667 4450 1779 4488 annum
1797 4443 1877 4509 ¹49⁰·

560 4516 685 4591 prodisse
709 4516 857 4575 observat:
886 4518 918 4573 id
935 4519 1014 4592 quod
1030 4540 1065 4576 ex
1080 4521 1227 4596 principio
1246 4521 1335 4578 huius
1350 4526 1495 4600 practicae
1512 4522 1718 4593 concluditur,
1737 4542 1805 4581 011111
1821 4524 1880 4581 Mi·

560 4608 642 4664 otae!
659 4611 824 4687 anlzmayr
843 4612 880 4668 ob
894 4612 1030 4669 desideria
1048 4615 1233 4670 canonicatus
1254 4632 1281 4671 et
1304 4616 1465 4692 prebendae
1488 4620 1634 4675 Patavina
1659 4636 1737 4675 1111110
1764 4616 1891 4695 demitti·

561 4701 761 4763 MCCCCVC.
782 4726 844 4762 cam
861 4706 992 4783 scripsisse
1011 4707 1112 4763 atterit
1135 4707 1243 4765 confer.
1263 4710 1399 4785 Demsius
1427 4712 1465 4770 L.
1483 4732 1509 4768 c.
1537 4732 1566 4788 p.
1585 4711 1648 4787 604.
