4320 5700
521 522 523 525 ’
621 562 864 629 caracoous
890 562 1265 626 ernuocnarmcus
1291 563 1502 624 nncxvnr.
1816 547 1887 623 223

475 775 524 825 ne
548 750 683 824 cuculo
698 747 901 848 cuculique
920 747 1023 846 gregi
1039 773 1197 848 quoque
1213 745 1376 833 credite,
1395 771 1532 820 verum

475 867 664 968 quaerite,
684 865 920 966 simpliciter,
940 864 1045 967 quod
1066 890 1135 940 vos
1154 864 1328 939 doctrina
1344 863 1506 938 docebit.

279 987 394 1062 Char.
412 962 639 1088 plerumqire
656 984 809 1084 grandis
835 983 912 1059 soll.
937 1011 991 1080 17·
1015 1008 1095 1057 non
1115 981 1200 1082 fign.
1222 982 1285 1056 lin.
1297 983 1362 1076 ⁸25.
1391 981 1456 1058 sol.
1478 980 1604 1056 ultimi
1625 986 1660 1071 4.
1730 1065 1733 1071 g

475 1124 579 1200 Quoad
595 1127 722 1182 Paulum
732 1125 902 1181 Fabricium
920 1121 1027 1179 consor.
1039 1101 1123 1178 licta
1135 1121 1316 1198 praecedens.
1338 1121 1375 1178 N.
1392 1139 1455 1194 507·

947 1278 999 1352 M.
1025 1277 1074 1351 D.
1100 1277 1246 1352 LXIX.
1277 1309 1280 1316 ·

376 1421 460 1494 686.
486 1461 537 1478 -
562 1424 691 1506 Anno,
710 1443 788 1520 quo
805 1417 1054 1492 Ferdcirandus
1068 1417 1194 1489 teratu
1208 1414 1331 1491 caesar
1350 1416 1552 1492 austriacus
1579 1417 1665 1517 pius
1690 1419 1806 1517 justus
1832 1416 1850 1492 s
1869 1463 1884 1477 ·

281 1538 391 1638 piens
413 1538 477 1637 pie
490 1539 582 1635 juste
602 1536 792 1638 sapienter
802 1536 932 1622 sanxit,
950 1551 994 1610 ut
1011 1534 1235 1610 universttas
1254 1534 1393 1634 virgini
1412 1534 1486 1610 sine
1504 1535 1586 1610 labe
1602 1535 1779 1636 originali
1796 1562 1888 1610 con-

281 1671 414 1754 ceptae
430 1670 520 1730 vota
535 1654 674 1742 solvat,
697 1681 775 1756 quo
793 1652 1044 1729 universttatis
1053 1652 1276 1728 Viennensis
1291 1679 1471 1754 proceres
1485 1653 1561 1728 fine
1577 1654 1660 1728 labe
1676 1670 1884 1754 conceptae

279 1773 438 1872 virginis
453 1773 599 1847 cultum
618 1787 710 1847 voto
733 1770 937 1872 suscepere.
965 1773 1054 1868 Quo
1083 1771 1332 1872 quadraginta
1349 1772 1567 1873 philosophi
1585 1772 1742 1847 laureati
1767 1771 1885 1872 primi

190 1986 194 1990 ι
280 1891 321 1964 in
336 1890 493 1991 Augusti
508 1907 598 1966 vota
611 1890 850 1989 juraverunt,
870 1889 963 1962 dum
980 1874 1152 1988 auspiciis
1168 1890 1213 1962 lt.
1225 1889 1266 1992 Ρ.
1282 1891 1461 1964 Everardi
1475 1890 1749 1990 Hirschparger‚
1776 1918 1797 1965 e
1814 1889 1886 1965 soc.

277 2009 380 2108 lesu,
400 2009 446 2082 A.
457 2008 502 2082 A.
522 2007 602 2080 LL.
620 2023 659 2081 et
679 2007 940 2107 philosophiae
957 2006 1137 2092 doctoris,
1159 2005 1365 2109 ejusdemq.
1381 2008 1619 2108 professoris,
1638 2035 1681 2083 ac
1700 2035 1773 2108 pro
1792 2025 1888 2084 tern-

277 2152 373 2225 pore
391 2125 547 2200 senioris
566 2122 834 2199 consistorialis.
855 2123 973 2223 ljdem
990 2123 1136 2197 domini
1152 2122 1328 2224 suprema
1346 2124 1608 2225 philosophiae
1627 2127 1756 2202 laurea
1776 2154 1888 2203 orna·

249 2247 251 2252 ’
276 2258 423 2330 rentur,
446 2241 542 2316 nihil
559 2241 857 2317 neodoctoribus
875 2241 1344 2342 philosophisobtulerunt
1357 2243 1531 2319 rhetores
1552 2241 1756 2321 academici
1768 2245 1889 2320 Vien-

278 2358 422 2435 nenses.
442 2402 493 2419 -
508 2361 613 2435 Haec
633 2359 672 2432 in
687 2360 815 2435 fronte
832 2402 882 2418 -
902 2359 1018 2434 solt.
1034 2401 1085 2421 -
1101 2360 1341 2461 Argumenta
1367 2362 1407 2434 in
1429 2362 1503 2435 hoc
1526 2379 1812 2462 programmata
1833 2365 1884 2438 al-

276 2479 351 2552 lata
367 2478 561 2580 sequentia
574 2477 677 2553 sunt:
708 2481 744 2576 ι)
764 2478 860 2553 nihil
882 2478 928 2553 ab
944 2477 1051 2557 omni
1062 2495 1177 2579 'parte
1192 2478 1347 2571 beatum
1372 2485 1412 2575 2)
1430 2506 1610 2580 magnum
1623 2481 1661 2556 in
1679 2482 1792 2572 rebus
1803 2481 1882 2556 ina·

277 2623 327 2672 ne
341 2596 447 2670 nihil.
465 2612 634 2698 utrumq.
656 2613 926 2697 argumentum
941 2598 1128 2698 probatur
1144 2623 1216 2696 per
1234 2597 1434 2673 sententias
1460 2599 1617 2673 Senecae
1636 2615 1675 2674 et
1699 2599 1884 2699 Pnytago-

276 2738 400 2789 ναι-
415 2713 665 2790 Athenienses
694 2714 820 2815 (dicit)
847 2715 1006 2789 Senecae
1026 2740 1176 2790 aeream
1193 2714 1350 2815 posuisse
1367 2721 1534 2804 statuam,
1558 2733 1603 2792 ut
1616 2717 1762 2819 aliquid
1786 2718 1885 2793 aeris

275 2825 436 2930 haberet
454 2848 648 2920 mortuus,
676 2832 743 2934 qui
764 2832 875 2911 vivus
895 2833 1029 2909 habuit
1049 2833 1145 2907 nihil
1164 2874 1209 2892 -
1234 2833 1341 2909 iuxta
1370 2834 1608 2936 epitaphium
1634 2834 1882 2938 &choganum

275 2951 444 3027 humana
466 2967 602 3026 cuncta
617 2951 764 3039 sumus,
782 2952 934 3041 umbra,
952 2951 1119 3042 vanitas,
1139 2968 1178 3029 et
1192 2952 1322 3028 scenae
1339 2952 1483 3052 imago,
1511 2969 1549 3028 et
1566 2953 1685 3028 verbo
1706 2969 1745 3029 et
1764 2952 1886 3029 absol-

278 3095 385 3155 vam,
400 3069 558 3144 nihil-
575 3069 753 3147 adfinem
771 3069 835 3146 fol.
857 3098 910 3147 12.
938 3100 969 3148 a.
994 3071 1058 3148 lin.
1079 3099 1138 3171 27.
1163 3071 1302 3172 legitur
1329 3097 1451 3149 annus
1479 3073 1582 3172 1569.
1608 3073 1881 3173 chronologico

235 3270 240 3308 Ι
279 3186 478 3288 expressus.
497 3189 613 3263 Char.
634 3188 798 3287 grandis.
819 3189 895 3264 soll.
916 3216 996 3263 non
1012 3191 1151 3288 signata
1175 3216 1228 3266 12.
1254 3191 1318 3266 lin.
1332 3190 1389 3282 34.
1408 3199 1441 3281 4.

468 3328 584 3384 Nomen
599 3327 688 3391 huius
705 3327 832 3383 auctoris
847 3345 907 3382 non
925 3344 1061 3383 occurrit.

926 3498 979 3573 M.
1005 3499 1053 3574 D.
1080 3497 1246 3573 LXXV.

370 3635 660 3732 687.-Carmen
671 3634 717 3714 de
727 3653 853 3712 morte
862 3602 1189 3718 etresur'rectione
1199 3637 1394 3716 salvatoris
1404 3638 1759 3727 nostriJesuchristi‚
1769 3639 1883 3741 scrip·

275 3755 580 3828 tumaFniserico
592 3753 712 3851 Cresco
723 3756 1189 3856 laubenfiHexapolitano.
1209 3757 1548 3856 WannaeAnstrcae
1559 3758 1883 3849 M.D.Lx)tv.-
2011 3749 2014 3752 ’

276 3871 381 3946 Haec
399 3871 438 3946 in
453 3871 591 3949 fronte.
609 3915 659 3931 -
681 3872 745 3947 sol.
763 3900 793 3948 t.
816 3874 969 3975 epistola
985 3873 1218 3948 dedicatoria
1235 3874 1282 3947 ad
1306 3875 1352 3947 D.
1379 3876 1493 3948 Vitam
1511 3874 1698 3948 Albertum
1709 3964 1711 3969 Ι
1723 3875 1769 3949 de
1786 3876 1883 3975 Bou·

275 3989 534 4066 chath-sol.
551 4020 586 4066 a.
604 3991 787 4092 elegia-
807 3992 893 4067 finit
908 3991 972 4066 sol.
991 3992 1026 4079 6,
1045 3991 1080 4067 b.
1106 3990 1217 4067 Char.
1236 3991 1334 4065 med.
1352 3992 1516 4090 grandis.
1535 3991 1612 4066 soll.
1638 3994 1671 4067 6.
1692 4019 1772 4068 non
1793 3993 1881 4100 fign.

274 4107 338 4183 lin.
357 4106 416 4181 36.
436 4114 470 4197 4.·
1179 4106 1184 4116 ’

468 4244 642 4303 Huoucdum
657 4245 764 4322 absque
778 4250 948 4306 recensione.

371 4417 455 4500 688.
480 4459 530 4475 -
559 4418 731 4492 Carmina
748 4409 996 4497 Gratulaton'a
1005 4404 1394 4531 Stanislanislolandi
1408 4419 1447 4495 in
1468 4419 1660 4500 honorem
1678 4423 1881 4500 celeberri-

273 4536 328 4608 mi
352 4553 455 4612 actus
470 4537 729 4639 ingenuorum
744 4537 1036 4618 adolescentium
1054 4557 1123 4617 etc.
1153 4534 1241 4616 cum
1262 4539 1303 4614 in
1319 4538 1534 4639 liberalium
1558 4541 1699 4616 artium
1726 4568 1768 4618 ac
1785 4543 1879 4643 sphi-

182 4741 188 4748 ·
276 4652 469 4755 losophiae
495 4655 613 4732 studio
642 4657 809 4758 primam
826 4660 996 4736 lauream
1012 4659 1261 4746 adamarunt,
1287 4659 1402 4733 Anno
1422 4658 1694 4741 MDLXXV.
1719 4660 1879 4750 Ve'ennae

276 4773 444 4870 Austnae
456 4775 669 4854 excudebat
684 4778 886 4878 Stephanus
908 4782 1066 4857 Cranaen.
1085 4821 1130 4842 -
1149 4779 1254 4869 Haec
1273 4776 1314 4854 in
1329 4776 1465 4858 fronte.
1479 4779 1551 4857 sol.
1570 4805 1604 4853 a.
1621 4777 1797 4878 elegia·-
1810 4777 1877 4857 fol.

1364 4932 1387 4971 ἱ
