4320 5700
272 514 349 589 216
619 528 859 592 ctrttoous
886 526 1275 591 ommoonarrucus.
1302 524 1505 587 unxxxv.

562 711 709 780 affirmat,
732 712 791 769 huo
812 710 929 788 insuper
944 712 1031 767 etiam
1050 710 1178 776 conserti
1193 708 1284 787 potest
1304 710 1397 787 Xsttte
1419 708 1519 765 Scbser
1533 707 1567 765 in
1584 703 1690 763 dissert.
1710 704 1748 764 (le
1761 706 1871 767 heims

565 806 742 865 bibliotheca
758 826 788 882 p.
806 816 852 882 40.
870 825 900 863 v.
915 801 1577 880 Com.deSzecbeninat.biblioth.llttng.T.
1588 798 1728 879 aptet.

922 975 975 1051 M.
992 975 1040 1049 D.
1060 973 1233 1051 XXXV.

375 1119 458 1194 665.
484 1160 530 1174 -
557 1117 812 1221 Kynosophtbn
836 1143 878 1193 ac
893 1114 1117 1216 opusculum
1134 1113 1333 1187 Phemonis
1356 1112 1403 1188 de
1421 1137 1513 1189 cura
1535 1127 1575 1189 et
1593 1109 1874 1187 conservatione

280 1264 418 1313 canum
435 1264 505 1338 per
523 1234 693 1311 nobilem
712 1252 750 1311 et
768 1237 963 1312 excellent.
986 1234 1113 1309 virum
1129 1234 1179 1308 D.
1199 1231 1416 1307 liudbertum
1441 1260 1464 1307 a
1487 1229 1677 1307 Mosbaim
1702 1230 1883 1305 decanum

276 1354 532 1457 pataviensem
546 1382 656 1455 grece
672 1371 711 1430 et
729 1356 844 1429 latine
862 1351 1162 1429 eruditissimum.
1184 1355 1211 1426 l.
1227 1352 1275 1426 U.
1293 1351 1405 1426 Doct.
1423 1349 1574 1451 regium
1592 1345 1843 1423 consiliarium
1859 1372 1878 1419 e
1968 1404 1973 1419 .

279 1460 416 1575 ¹graeco
435 1473 475 1549 in
492 1473 650 1548 latinum
665 1472 901 1548 uarrslatum.
929 1470 1042 1545 Canis
1064 1471 1282 1546 encomium
1297 1470 1361 1545 seu
1382 1468 1570 1546 decanum
1595 1466 1772 1543 laudibus
1789 1463 1878 1540 diti·

282 1594 383 1667 chon
401 1593 448 1667 ad
464 1594 665 1666 lectorem:

474 1710 680 1810 Quemque
703 1734 842 1783 canum
856 1708 976 1795 vires,
995 1707 1152 1782 morbos
1170 1724 1340 1784 artemve
1353 1704 1533 1783 medendi

507 1842 510 1847 ⁴
566 1826 667 1901 nosse
683 1827 791 1925 juvat
807 1826 937 1927 paucio
952 1826 1027 1901 cito
1046 1827 1180 1901 doctus
1199 1826 1281 1902 erit.

256 2032 259 2037 ¹
281 1944 439 2020 Jacobus
457 1974 477 2020 a
492 1944 677 2019 Moshm'm
696 1945 803 2019 studii
817 1944 1044 2046 syncerioris
1063 1946 1187 2018 cultor
1200 1946 1268 2019 hae
1288 1942 1380 2019 duas
1392 1941 1682 2019 lucubrationes
1700 1940 1879 2039 praestan·

279 2063 406 2140 tiffimi
424 2062 497 2138 viri
517 2060 662 2139 domini
679 2063 810 2138 decani
830 2061 1052 2164 pataviense
1066 2061 1304 2138 amantissimi
1322 2061 1470 2148 fratris,
1485 2060 1550 2133 illo
1568 2058 1683 2158 plane
1702 2055 1821 2131 invito
1837 2080 1879 2128 ac

280 2184 396 2261 inscio
417 2182 555 2282 (fateor
572 2183 736 2285 ingenue
756 2183 854 2257 male
873 2182 971 2255 male
989 2181 1039 2255 ob
1058 2180 1093 2253 id
1116 2208 1176 2255 me
1193 2180 1414 2255 auditurum
1432 2178 1614 2279 (honesto
1631 2175 1777 2277 pioque
1793 2198 1880 2248 con·

276 2302 357 2376 filio
374 2302 414 2375 in
431 2301 628 2402 publicum
644 2300 774 2388 emisit,
791 2300 995 2375 sententiae
1012 2327 1053 2373 ac
1065 2297 1311 2372 humanitatis
1331 2294 1477 2371 causam
1494 2294 1655 2396 sequeno
1666 2320 1754 2370 mea
1767 2297 1880 2368 oslen-

278 2421 334 2495 dit
353 2421 514 2521 epistola.
542 2422 702 2495 Wennae
717 2446 787 2519 per
803 2420 860 2492 Jo.
889 2418 1127 2515 Szngremitm.
1155 2416 1257 2489 1535.
1279 2458 1324 2476 -
1351 2416 1457 2489 Haec
1484 2414 1525 2487 in
1546 2408 1677 2488 'fronte
1691 2440 1745 2471 ’-
1766 2411 1828 2486 sol.
1846 2436 1879 2484 2.

274 2538 444 2639 sequitur
469 2539 621 2638 epistola
638 2538 811 2612 Jacobz'a
835 2535 1020 2611 Mosbat'm
1044 2535 1308 2608 Ferdtitandum
1337 2533 1523 2632 [surgeram
1538 2558 1581 2606 ac
1600 2531 1807 2606 Bohemiae
1824 2558 1881 2605 re·

275 2682 375 2755 gem.
394 2671 433 2729 et
450 2656 520 2729 alia
539 2655 563 2728 s.
587 2655 620 2728 3.
640 2654 686 2728 ad
702 2654 886 2728 lectorem
910 2652 1047 2753 scripta
1066 2679 1112 2727 ex
1138 2680 1224 2728 arce
1239 2652 1427 2727 Strecltao.
1450 2651 1553 2725 1535.
1569 2692 1621 2709 -·
1640 2650 1733 2725 dein
1749 2644 1895 2725 catalo'

275 2800 345 2874 guo
364 2774 410 2848 de
427 2800 518 2847 cura
537 2772 706 2872 capitum
727 2772 772 2847 de
790 2799 881 2846 cura
898 2788 937 2846 et
953 2771 1237 2847 conservatione
1258 2798 1396 2845 canum
1411 2815 1461 2832 ·-
1489 2770 1644 2845 demum
1669 2766 1885 2870 Kynososo-

274 2892 397 2993 phion
419 2934 466 2949 -
497 2891 581 2965 linit
598 2918 681 2991 pag.
704 2892 757 2965 16.
784 2917 873 2965 cum
891 2891 1169 2965 medicamento
1191 2906 1324 2965 contra
1350 2889 1513 2965 scabiem
1535 2930 1587 2947 --
1616 2904 1774 2963 acetum
1798 2906 1886 2963 cum

273 3010 505 3110 sacrophago
524 3009 648 3110 lapide
662 3008 869 3109 butiroque
895 3035 1110 3109 concoques
1136 3034 1213 3109 quo
1239 3008 1277 3081 in
1304 3023 1543 3107 unguentum
1569 3007 1725 3083 redacto
1751 3034 1888 3084 canem

277 3127 483 3227 perungito
503 3143 541 3201 et
563 3125 795 3201 convalescit.
825 3125 936 3199 Char:
955 3127 1083 3225 grand.
1104 3126 1181 3202 soll.
1203 3127 1256 3200 16.
1280 3153 1368 3200 cum
1385 3126 1504 3227 epigr.
1520 3124 1584 3201 lin.
1602 3126 1663 3201 30.
1677 3132 1712 3216 4.

465 3268 603 3341 Denisius
620 3264 686 3320 sistit
703 3267 734 3321 in
754 3265 804 3320 der
821 3264 1190 3341 Buchdrucltergesehichte
1206 3268 1317 3323 Wient.
1335 3286 1364 3341 p.
1373 3268 1440 3339 37¹·
1458 3266 1496 3321 N.
1507 3260 1569 3321 588.
1587 3265 1808 3341 Biographiam
1819 3287 1888 3325 aut*

561 3360 632 3414 toris
648 3375 749 3434 utpote
762 3360 824 3414 viri
841 3357 878 3412 ob
894 3357 955 3413 sata
970 3358 1020 3414 sua
1037 3358 1163 3434 perpessa
1176 3358 1392 3425 memorabilis,
1410 3360 1537 3431 citatque
1552 3341 1741 3434 scriptasue‚
1756 3378 1835 3435 quae
1851 3364 1886 3421 in

559 3449 694 3505 biblioth.
718 3450 852 3523 Gessneri
878 3467 904 3505 et
926 3453 958 3505 in
976 3448 1003 3508 8.
1022 3450 1083 3507 vol.
1104 3449 1289 3525 epistolarum
1306 3451 1553 3505 miscellaneorum
1570 3450 1608 3507 ed
1620 3450 1705 3508 Frtd.
1725 3454 1886 3533 Natpscam

561 3540 645 3597 Rusti.
666 3542 745 3616 1590.
763 3544 955 3616 reperiuntur.
972 3580 1007 3593 -
1023 3546 1152 3599 Ponzen'
1166 3543 1272 3600 Annas.
1288 3545 1419 3621 Typogr.
1441 3544 1477 3599 Τ.
1485 3560 1512 3619 9.
1529 3563 1559 3618 p.
1568 3538 1613 3601 56.
1631 3544 1745 3603 Nate.

968 3712 1021 3786 M.
1046 3712 1095 3788 D.
1122 3714 1184 3787 Ll.

369 3853 452 3929 666.
478 3892 528 3908 -
554 3850 597 3922 sn
623 3874 727 3923 orma
753 3852 981 3948 &gismundi
999 3852 1108 3953 liberi
1134 3855 1295 3928 Baront's
1320 3853 1358 3928 in
1383 3854 1629 3953 Herbersteziz‚
1653 3856 1819 3960 Neperg
1847 3878 1891 3937 et

274 3973 486 4071 Guetenhag
506 3972 551 4045 R.
572 3972 697 4069 llung.
714 3986 752 4044 et
768 3971 926 4045 Bohem.
945 3973 1035 4071 Reg.
1056 3974 1142 4071 Maj.
1160 3971 1391 4060 Consiliarii‚
1417 3973 1625 4049 Camerarii
1643 3990 1683 4049 et
1697 3976 1784 4051 sisci
1799 3978 1900 4059 aus.

267 4090 377 4165 triaci
395 4089 575 4189 praefecti
595 4115 748 4163 carmen
764 4088 975 4176 heroicum,
997 4091 1205 4190 elegiacum
1221 4090 1325 4162 stmul
1341 4107 1379 4164 et
1395 4092 1558 4192 lyricum
1575 4108 1709 4167 autore
1718 4094 1885 4173 Meosne

270 4206 391 4280 Polt'to
407 4207 659 4293 Bruxellens13
679 4206 768 4280 huic
787 4206 900 4280 titulo
918 4206 1095 4282 adiuncta
1110 4207 1194 4282 sunt
1214 4208 1252 4282 in
1266 4208 1393 4285 fronte
1410 4237 1517 4286 arma
1529 4210 1693 4285 familiae
1710 4213 1891 4289 Herber-

270 4314 479 4400 sleinianae.
496 4369 545 4383 -
564 4326 627 4399 sol.
648 4353 680 4399 2.
699 4325 830 4425 incipit
856 4352 1019 4400 carmen.
1039 4326 1124 4399 finit
1140 4326 1201 4400 fol.
1223 4330 1256 4400 8.
1275 4353 1361 4400 cum
1375 4324 1686 4428 praecedentium
1700 4332 1887 4407 omnium

269 4443 416 4519 summa
433 4442 473 4514 in
492 4442 661 4543 quinque
680 4442 853 4517 distichis.
886 4445 1047 4517 Viennae
1068 4441 1235 4542 Austriue
1252 4448 1460 4522 excudehat
1478 4450 1633 4546 Egt'dius
1642 4450 1784 4548 Aquila
1799 4450 1887 4525 An-

270 4592 323 4640 no
343 4562 527 4638 M.D.L1.
549 4562 659 4635 Char.
680 4562 808 4659 grand.
828 4564 919 4661 eleg.
943 4564 1018 4636 soll.
1036 4566 1069 4637 8.
1087 4591 1166 4639 non
1182 4565 1267 4663 sign.
1285 4566 1348 4640 lin.
1363 4593 1422 4665 29.
1442 4573 1474 4656 4.

461 4722 580 4799 Denisii
599 4720 746 4799 Nachtrag
763 4722 812 4780 det
827 4722 1203 4799 Buehdrucltergeschiohte
1213 4726 1324 4784 Wiens.
1346 4746 1377 4805 p.
1385 4746 1430 4803 7⁰·
1446 4728 1487 4784 Ν.
1496 4722 1560 4803 788.
