<?xml version="1.0" encoding="UTF-8"?>
<!DOCTYPE html PUBLIC "-//W3C//DTD XHTML 1.0 Transitional//EN"
    "http://www.w3.org/TR/xhtml1/DTD/xhtml1-transitional.dtd">
<html xmlns="http://www.w3.org/1999/xhtml" xml:lang="en" lang="en">
 <head>
  <title>
</title>
<meta http-equiv="Content-Type" content="text/html;charset=utf-8" />
  <meta name='ocr-system' content='tesseract 3.04.00' />
  <meta name='ocr-capabilities' content='ocr_page ocr_carea ocr_par ocr_line ocrx_word'/>
</head>
<body>
  <div class='ocr_page' id='page_1' title='image "./catalogusbiblio03biblgoog_0252.png"; bbox 0 0 4320 5700; ppageno 0'>
   <div class='ocr_carea' id='block_1_1' title="bbox 722 573 1901 693">
    <p class='ocr_par' dir='ltr' id='par_1_1' title="bbox 722 573 1901 693">
     <span class='ocr_line' id='line_1_1' title="bbox 722 573 1901 693; baseline -0.008 -18"><span class='ocrx_word' id='word_1_1' title='bbox 722 573 963 675; x_wconf 73' lang='lat' dir='ltr'>caracooos</span> <span class='ocrx_word' id='word_1_2' title='bbox 990 610 1364 670; x_wconf 77' lang='lat' dir='ltr'>arnnroonarmcus</span> <span class='ocrx_word' id='word_1_3' title='bbox 1392 610 1468 669; x_wconf 82' lang='lat' dir='ltr'>nn.</span> <span class='ocrx_word' id='word_1_4' title='bbox 1634 689 1637 693; x_wconf 7' lang='grc' dir='ltr'><em>ι</em></span> <span class='ocrx_word' id='word_1_5' title='bbox 1828 591 1901 667; x_wconf 80' lang='lat'>203</span> 
     </span>
    </p>
   </div>
   <div class='ocr_carea' id='block_1_2' title="bbox 295 789 1901 1135">
    <p class='ocr_par' dir='ltr' id='par_1_2' title="bbox 295 789 1901 1135">
     <span class='ocr_line' id='line_1_2' title="bbox 295 789 1901 907; baseline -0.001 -35"><span class='ocrx_word' id='word_1_6' title='bbox 295 798 461 873; x_wconf 84' lang='lat' dir='ltr'>tificatus</span> <span class='ocrx_word' id='word_1_7' title='bbox 473 797 685 873; x_wconf 59' lang='lat' dir='ltr'>Ale-‘canda‘</span> <span class='ocrx_word' id='word_1_8' title='bbox 695 795 787 871; x_wconf 84' lang='lat' dir='ltr'>sexti</span> <span class='ocrx_word' id='word_1_9' title='bbox 801 796 917 868; x_wconf 86' lang='lat' dir='ltr'>Anno</span> <span class='ocrx_word' id='word_1_10' title='bbox 933 791 1061 892; x_wconf 90' lang='lat' dir='ltr'>primo</span> <span class='ocrx_word' id='word_1_11' title='bbox 1074 831 1123 847; x_wconf 90' lang='lat'>-</span> <span class='ocrx_word' id='word_1_12' title='bbox 1139 789 1309 891; x_wconf 86' lang='lat' dir='ltr'>sequitur</span> <span class='ocrx_word' id='word_1_13' title='bbox 1326 789 1705 888; x_wconf 78' lang='lat' dir='ltr'>epistola—demum·</span> <span class='ocrx_word' id='word_1_14' title='bbox 1719 804 1901 907; x_wconf 76' lang='lat' dir='ltr'>subscrip.</span> 
     </span>
     <span class='ocr_line' id='line_1_3' title="bbox 295 908 1896 1016; baseline 0.001 -26"><span class='ocrx_word' id='word_1_15' title='bbox 295 916 345 990; x_wconf 81' lang='lat' dir='ltr'>tis</span> <span class='ocrx_word' id='word_1_16' title='bbox 359 914 556 1016; x_wconf 75' lang='lat' dir='ltr'>canstopt.</span> <span class='ocrx_word' id='word_1_17' title='bbox 578 917 709 989; x_wconf 88' lang='lat' dir='ltr'>Colam.</span> <span class='ocrx_word' id='word_1_18' title='bbox 727 912 940 988; x_wconf 88' lang='lat' dir='ltr'>Oceanicae</span> <span class='ocrx_word' id='word_1_19' title='bbox 958 908 1072 984; x_wconf 77' lang='lat' dir='ltr'>ctaffis</span> <span class='ocrx_word' id='word_1_20' title='bbox 1091 909 1332 1007; x_wconf 90' lang='lat' dir='ltr'>praesecti-</span> <span class='ocrx_word' id='word_1_21' title='bbox 1350 908 1533 984; x_wconf 87' lang='lat' dir='ltr'>sinitcum</span> <span class='ocrx_word' id='word_1_22' title='bbox 1550 915 1782 1014; x_wconf 72' lang='lat' dir='ltr'>epigramata</span> <span class='ocrx_word' id='word_1_23' title='bbox 1797 923 1896 999; x_wconf 67' lang='grc' dir='ltr'>Μ..</span> 
     </span>
     <span class='ocr_line' id='line_1_4' title="bbox 295 1023 1768 1135; baseline 0.005 -28"><span class='ocrx_word' id='word_1_24' title='bbox 295 1032 340 1108; x_wconf 88' lang='lat' dir='ltr'>de</span> <span class='ocrx_word' id='word_1_25' title='bbox 355 1034 527 1108; x_wconf 82' lang='lat' dir='ltr'>Corbaria</span> <span class='ocrx_word' id='word_1_26' title='bbox 546 1032 710 1134; x_wconf 87' lang='lat' dir='ltr'><strong>episcopi</strong></span> <span class='ocrx_word' id='word_1_27' title='bbox 728 1031 870 1105; x_wconf 89' lang='lat' dir='ltr'>montis</span> <span class='ocrx_word' id='word_1_28' title='bbox 894 1027 1023 1129; x_wconf 80' lang='lat' dir='ltr'>pelusii</span> <span class='ocrx_word' id='word_1_29' title='bbox 1048 1027 1094 1103; x_wconf 85' lang='lat' dir='ltr'>ad</span> <span class='ocrx_word' id='word_1_30' title='bbox 1112 1023 1393 1103; x_wconf 72' lang='lat' dir='ltr'>invictissimum</span> <span class='ocrx_word' id='word_1_31' title='bbox 1410 1054 1541 1130; x_wconf 79' lang='lat' dir='ltr'>regem</span> <span class='ocrx_word' id='word_1_32' title='bbox 1558 1033 1768 1135; x_wconf 74' lang='lat' dir='ltr'>IIispanaac</span> 
     </span>
    </p>
   </div>
   <div class='ocr_carea' id='block_1_3' title="bbox 527 1186 1653 2255">
    <p class='ocr_par' dir='ltr' id='par_1_3' title="bbox 527 1186 1653 2255">
     <span class='ocr_line' id='line_1_5' title="bbox 531 1186 1460 1289; baseline -0.006 -21"><span class='ocrx_word' id='word_1_33' title='bbox 531 1193 619 1268; x_wconf 89' lang='lat' dir='ltr'>Jam</span> <span class='ocrx_word' id='word_1_34' title='bbox 634 1192 739 1267; x_wconf 85' lang='lat' dir='ltr'>nulla</span> <span class='ocrx_word' id='word_1_35' title='bbox 752 1189 916 1289; x_wconf 86' lang='lat' dir='ltr'>hispanis</span> <span class='ocrx_word' id='word_1_36' title='bbox 934 1189 1044 1262; x_wconf 87' lang='lat' dir='ltr'>tellus</span> <span class='ocrx_word' id='word_1_37' title='bbox 1064 1186 1235 1262; x_wconf 86' lang='lat' dir='ltr'>addenda</span> <span class='ocrx_word' id='word_1_38' title='bbox 1250 1186 1460 1288; x_wconf 82' lang='lat' dir='ltr'>triumphis</span> 
     </span>
     <span class='ocr_line' id='line_1_6' title="bbox 631 1318 1428 1430; baseline -0.004 -26"><span class='ocrx_word' id='word_1_39' title='bbox 631 1344 744 1430; x_wconf 85' lang='lat' dir='ltr'>atque</span> <span class='ocrx_word' id='word_1_40' title='bbox 764 1353 901 1428; x_wconf 90' lang='lat' dir='ltr'>parum</span> <span class='ocrx_word' id='word_1_41' title='bbox 919 1327 1032 1400; x_wconf 84' lang='lat' dir='ltr'>tantis</span> <span class='ocrx_word' id='word_1_42' title='bbox 1050 1323 1197 1399; x_wconf 82' lang='lat' dir='ltr'>viribus</span> <span class='ocrx_word' id='word_1_43' title='bbox 1216 1325 1319 1399; x_wconf 92' lang='lat' dir='ltr'>orbis</span> <span class='ocrx_word' id='word_1_44' title='bbox 1337 1318 1428 1401; x_wconf 82' lang='lat' dir='ltr'>erat.</span> 
     </span>
     <span class='ocr_line' id='line_1_7' title="bbox 534 1461 1444 1566; baseline -0.003 -25"><span class='ocrx_word' id='word_1_45' title='bbox 534 1472 647 1542; x_wconf 92' lang='lat' dir='ltr'>Nunc</span> <span class='ocrx_word' id='word_1_46' title='bbox 667 1469 778 1566; x_wconf 80' lang='lat' dir='ltr'>longe</span> <span class='ocrx_word' id='word_1_47' title='bbox 798 1467 900 1540; x_wconf 83' lang='lat' dir='ltr'>aevis</span> <span class='ocrx_word' id='word_1_48' title='bbox 918 1465 1024 1562; x_wconf 80' lang='lat' dir='ltr'>regio</span> <span class='ocrx_word' id='word_1_49' title='bbox 1044 1461 1226 1562; x_wconf 91' lang='lat' dir='ltr'>deprensa</span> <span class='ocrx_word' id='word_1_50' title='bbox 1249 1461 1314 1535; x_wconf 92' lang='lat' dir='ltr'>sub</span> <span class='ocrx_word' id='word_1_51' title='bbox 1330 1465 1444 1538; x_wconf 57' lang='lat' dir='ltr'>undis&gt;</span> 
     </span>
     <span class='ocr_line' id='line_1_8' title="bbox 626 1599 1443 1697; baseline 0 -19"><span class='ocrx_word' id='word_1_52' title='bbox 626 1619 784 1678; x_wconf 87' lang='lat' dir='ltr'>auctura</span> <span class='ocrx_word' id='word_1_53' title='bbox 800 1606 848 1675; x_wconf 82' lang='lat' dir='ltr'>est</span> <span class='ocrx_word' id='word_1_54' title='bbox 867 1601 999 1674; x_wconf 85' lang='lat' dir='ltr'>titulos</span> <span class='ocrx_word' id='word_1_55' title='bbox 1016 1599 1173 1672; x_wconf 87' lang='lat' dir='ltr'>Bethice</span> <span class='ocrx_word' id='word_1_56' title='bbox 1192 1624 1328 1697; x_wconf 80' lang='lat' dir='ltr'>magne</span> <span class='ocrx_word' id='word_1_57' title='bbox 1345 1616 1443 1679; x_wconf 86' lang='lat' dir='ltr'>tuos.</span> 
     </span>
     <span class='ocr_line' id='line_1_9' title="bbox 532 1733 1412 1841; baseline -0.006 -24"><span class='ocrx_word' id='word_1_58' title='bbox 532 1740 639 1818; x_wconf 75' lang='lat' dir='ltr'>Vnde</span> <span class='ocrx_word' id='word_1_59' title='bbox 655 1733 847 1841; x_wconf 88' lang='lat' dir='ltr'>repertori</span> <span class='ocrx_word' id='word_1_60' title='bbox 865 1735 1006 1810; x_wconf 88' lang='lat' dir='ltr'>merito</span> <span class='ocrx_word' id='word_1_61' title='bbox 1022 1734 1224 1812; x_wconf 87' lang='lat' dir='ltr'>reserenda</span> <span class='ocrx_word' id='word_1_62' title='bbox 1243 1738 1412 1813; x_wconf 85' lang='lat' dir='ltr'>Columbo</span> 
     </span>
     <span class='ocr_line' id='line_1_10' title="bbox 625 1873 1508 1981; baseline 0.003 -29"><span class='ocrx_word' id='word_1_63' title='bbox 625 1877 765 1981; x_wconf 78' lang='lat' dir='ltr'>gratia:</span> <span class='ocrx_word' id='word_1_64' title='bbox 788 1873 849 1950; x_wconf 88' lang='lat' dir='ltr'>sed</span> <span class='ocrx_word' id='word_1_65' title='bbox 864 1874 1011 1950; x_wconf 90' lang='lat' dir='ltr'>summo</span> <span class='ocrx_word' id='word_1_66' title='bbox 1028 1877 1076 1949; x_wconf 81' lang='lat' dir='ltr'>est</span> <span class='ocrx_word' id='word_1_67' title='bbox 1091 1875 1212 1973; x_wconf 86' lang='lat' dir='ltr'>major</span> <span class='ocrx_word' id='word_1_68' title='bbox 1226 1875 1401 1953; x_wconf 89' lang='lat' dir='ltr'>habenda</span> <span class='ocrx_word' id='word_1_69' title='bbox 1425 1877 1508 1956; x_wconf 70' lang='lat' dir='ltr'>deo⁴</span> 
     </span>
     <span class='ocr_line' id='line_1_11' title="bbox 527 2013 1569 2121; baseline 0.003 -28"><span class='ocrx_word' id='word_1_70' title='bbox 527 2017 594 2121; x_wconf 87' lang='lat' dir='ltr'>qui</span> <span class='ocrx_word' id='word_1_71' title='bbox 608 2013 795 2091; x_wconf 81' lang='lat' dir='ltr'>vincenda</span> <span class='ocrx_word' id='word_1_72' title='bbox 812 2030 923 2116; x_wconf 87' lang='lat' dir='ltr'>parat</span> <span class='ocrx_word' id='word_1_73' title='bbox 944 2039 1067 2089; x_wconf 85' lang='lat' dir='ltr'>novae</span> <span class='ocrx_word' id='word_1_74' title='bbox 1085 2040 1244 2114; x_wconf 80' lang='lat' dir='ltr'>regnae,</span> <span class='ocrx_word' id='word_1_75' title='bbox 1261 2015 1408 2116; x_wconf 88' lang='lat' dir='ltr'>tibique</span> <span class='ocrx_word' id='word_1_76' title='bbox 1427 2016 1569 2120; x_wconf 83' lang='lat' dir='ltr'>fibique</span> 
     </span>
     <span class='ocr_line' id='line_1_12' title="bbox 619 2151 1653 2255; baseline 0.005 -28"><span class='ocrx_word' id='word_1_77' title='bbox 619 2155 754 2255; x_wconf 81' lang='lat' dir='ltr'>Teque</span> <span class='ocrx_word' id='word_1_78' title='bbox 771 2151 880 2228; x_wconf 84' lang='lat' dir='ltr'>fimus</span> <span class='ocrx_word' id='word_1_79' title='bbox 897 2151 1038 2228; x_wconf 88' lang='lat' dir='ltr'>sortem</span> <span class='ocrx_word' id='word_1_80' title='bbox 1053 2156 1212 2252; x_wconf 86' lang='lat' dir='ltr'>praestat</span> <span class='ocrx_word' id='word_1_81' title='bbox 1231 2168 1270 2228; x_wconf 89' lang='lat' dir='ltr'>et</span> <span class='ocrx_word' id='word_1_82' title='bbox 1286 2151 1414 2228; x_wconf 86' lang='lat' dir='ltr'>esse&#39;</span> <span class='ocrx_word' id='word_1_83' title='bbox 1376 2180 1496 2254; x_wconf 76' lang='lat' dir='ltr'>prum.</span> <span class='ocrx_word' id='word_1_84' title='bbox 1649 2159 1653 2170; x_wconf 90' lang='lat'>&#39;</span> 
     </span>
    </p>
   </div>
   <div class='ocr_carea' id='block_1_4' title="bbox 283 2307 1933 2540">
    <p class='ocr_par' dir='ltr' id='par_1_4' title="bbox 283 2307 1933 2538">
     <span class='ocr_line' id='line_1_13' title="bbox 283 2307 1933 2449; baseline 0.005 -55"><span class='ocrx_word' id='word_1_85' title='bbox 283 2320 360 2393; x_wconf 81' lang='lat' dir='ltr'>foll.</span> <span class='ocrx_word' id='word_1_86' title='bbox 388 2316 493 2392; x_wconf 86' lang='lat' dir='ltr'>ult.</span> <span class='ocrx_word' id='word_1_87' title='bbox 482 2338 608 2414; x_wconf 79' lang='lat' dir='ltr'>rmago</span> <span class='ocrx_word' id='word_1_88' title='bbox 644 2312 747 2412; x_wconf 81' lang='lat' dir='ltr'>signo</span> <span class='ocrx_word' id='word_1_89' title='bbox 780 2311 892 2387; x_wconf 86' lang='lat' dir='ltr'>incisa</span> <span class='ocrx_word' id='word_1_90' title='bbox 915 2307 1177 2411; x_wconf 79' lang='lat' dir='ltr'>representans</span> <span class='ocrx_word' id='word_1_91' title='bbox 1206 2313 1423 2389; x_wconf 90' lang='lat' dir='ltr'>oceanicam</span> <span class='ocrx_word' id='word_1_92' title='bbox 1454 2315 1610 2449; x_wconf 84' lang='lat' dir='ltr'>classem.</span> <span class='ocrx_word' id='word_1_93' title='bbox 1650 2321 1762 2426; x_wconf 84' lang='lat' dir='ltr'>Char.</span> <span class='ocrx_word' id='word_1_94' title='bbox 1790 2313 1889 2404; x_wconf 86' lang='lat' dir='ltr'>rom.</span> <span class='ocrx_word' id='word_1_95' title='bbox 1931 2379 1933 2383; x_wconf 32' lang='lat' dir='ltr'>v</span> 
     </span>
     <span class='ocr_line' id='line_1_14' title="bbox 284 2427 1223 2540; baseline -0.008 -29"><span class='ocrx_word' id='word_1_96' title='bbox 284 2435 425 2538; x_wconf 87' lang='lat' dir='ltr'>splend</span> <span class='ocrx_word' id='word_1_97' title='bbox 443 2460 532 2510; x_wconf 90' lang='lat' dir='ltr'>cum</span> <span class='ocrx_word' id='word_1_98' title='bbox 551 2433 683 2540; x_wconf 80' lang='lat' dir='ltr'>sign.</span> <span class='ocrx_word' id='word_1_99' title='bbox 658 2430 734 2506; x_wconf 85' lang='lat' dir='ltr'>fols</span> <span class='ocrx_word' id='word_1_100' title='bbox 754 2431 812 2505; x_wconf 84' lang='lat'>23</span> <span class='ocrx_word' id='word_1_101' title='bbox 834 2456 914 2504; x_wconf 92' lang='lat' dir='ltr'>non</span> <span class='ocrx_word' id='word_1_102' title='bbox 928 2429 1014 2529; x_wconf 78' lang='lat' dir='ltr'>fign</span> <span class='ocrx_word' id='word_1_103' title='bbox 1033 2427 1096 2504; x_wconf 92' lang='lat' dir='ltr'>lin</span> <span class='ocrx_word' id='word_1_104' title='bbox 1111 2429 1168 2504; x_wconf 85' lang='lat'>28.</span> <span class='ocrx_word' id='word_1_105' title='bbox 1190 2437 1223 2521; x_wconf 93' lang='lat'>4.</span> 
     </span>
    </p>
   </div>
   <div class='ocr_carea' id='block_1_5' title="bbox 471 2639 1887 2815">
    <p class='ocr_par' dir='ltr' id='par_1_5' title="bbox 471 2639 1887 2815">
     <span class='ocr_line' id='line_1_15' title="bbox 471 2639 1887 2732; baseline 0.005 -35"><span class='ocrx_word' id='word_1_106' title='bbox 471 2647 621 2702; x_wconf 74' lang='lat' dir='ltr'>Panzerus</span> <span class='ocrx_word' id='word_1_107' title='bbox 643 2642 957 2716; x_wconf 76' lang='lat' dir='ltr'>irrrtAnl.orTypg</span> <span class='ocrx_word' id='word_1_108' title='bbox 986 2639 1481 2726; x_wconf 43' lang='lat' dir='ltr'>Tm2p544.N.1.esmn85Stpss</span> <span class='ocrx_word' id='word_1_109' title='bbox 1484 2651 1737 2712; x_wconf 79' lang='lat' dir='ltr'>mBIanasrRom</span> <span class='ocrx_word' id='word_1_110' title='bbox 1719 2673 1887 2732; x_wconf 78' lang='lat' dir='ltr'>aerpoty.</span> 
     </span>
     <span class='ocr_line' id='line_1_16' title="bbox 568 2733 1139 2815; baseline -0.004 -25"><span class='ocrx_word' id='word_1_111' title='bbox 568 2735 828 2815; x_wconf 75' lang='lat' dir='ltr'>pagrauiphohus</span> <span class='ocrx_word' id='word_1_112' title='bbox 795 2733 982 2791; x_wconf 76' lang='lat' dir='ltr'>useidtionis</span> <span class='ocrx_word' id='word_1_113' title='bbox 959 2734 1139 2809; x_wconf 75' lang='lat' dir='ltr'>uertadfigt</span> 
     </span>
    </p>
   </div>
   <div class='ocr_carea' id='block_1_6' title="bbox 270 2975 1891 4614">
    <p class='ocr_par' dir='ltr' id='par_1_6' title="bbox 270 2975 1891 4614">
     <span class='ocr_line' id='line_1_17' title="bbox 381 2975 1891 3092; baseline 0.01 -38"><span class='ocrx_word' id='word_1_114' title='bbox 381 2980 465 3070; x_wconf 83' lang='lat'><strong><em>645.</em></strong></span> <span class='ocrx_word' id='word_1_115' title='bbox 495 3021 545 3039; x_wconf 92' lang='lat'><em>-</em></span> <span class='ocrx_word' id='word_1_116' title='bbox 570 2979 652 3054; x_wconf 87' lang='lat' dir='ltr'>Hac</span> <span class='ocrx_word' id='word_1_117' title='bbox 671 2975 918 3053; x_wconf 88' lang='lat' dir='ltr'>saluberrimo</span> <span class='ocrx_word' id='word_1_118' title='bbox 940 2975 1306 3078; x_wconf 85' lang='lat' dir='ltr'>fructuosissimoque</span> <span class='ocrx_word' id='word_1_119' title='bbox 1322 2978 1408 3056; x_wconf 86' lang='lat' dir='ltr'>dive</span> <span class='ocrx_word' id='word_1_120' title='bbox 1429 2981 1587 3081; x_wconf 81' lang='lat' dir='ltr'>virginis</span> <span class='ocrx_word' id='word_1_121' title='bbox 1598 2986 1743 3062; x_wconf 76' lang='lat' dir='ltr'>Martae</span> <span class='ocrx_word' id='word_1_122' title='bbox 1758 2989 1891 3092; x_wconf 88' lang='lat' dir='ltr'>psalte-</span> 
     </span>
     <span class='ocr_line' id='line_1_18' title="bbox 281 3095 1886 3206; baseline 0.009 -35"><span class='ocrx_word' id='word_1_123' title='bbox 281 3099 341 3172; x_wconf 86' lang='lat' dir='ltr'>rio</span> <span class='ocrx_word' id='word_1_124' title='bbox 362 3098 502 3200; x_wconf 80' lang='lat' dir='ltr'>triplex</span> <span class='ocrx_word' id='word_1_125' title='bbox 522 3097 777 3173; x_wconf 82' lang='lat' dir='ltr'>hecatosticon</span> <span class='ocrx_word' id='word_1_126' title='bbox 799 3095 1010 3169; x_wconf 70' lang='lat' dir='ltr'>Hermastus</span> <span class='ocrx_word' id='word_1_127' title='bbox 1029 3095 1186 3192; x_wconf 80' lang='lat' dir='ltr'>Buschii</span> <span class='ocrx_word' id='word_1_128' title='bbox 1207 3098 1510 3175; x_wconf 81' lang='lat' dir='ltr'>monasteriensts.</span> <span class='ocrx_word' id='word_1_129' title='bbox 1535 3129 1625 3177; x_wconf 91' lang='lat' dir='ltr'>cum</span> <span class='ocrx_word' id='word_1_130' title='bbox 1652 3107 1886 3206; x_wconf 86' lang='lat' dir='ltr'>quibusdam</span> 
     </span>
     <span class='ocr_line' id='line_1_19' title="bbox 279 3212 1880 3321; baseline 0.009 -31"><span class='ocrx_word' id='word_1_131' title='bbox 279 3214 360 3290; x_wconf 87' lang='lat' dir='ltr'>asiis</span> <span class='ocrx_word' id='word_1_132' title='bbox 386 3214 615 3291; x_wconf 82' lang='lat' dir='ltr'>carminibus</span> <span class='ocrx_word' id='word_1_133' title='bbox 641 3215 716 3290; x_wconf 85' lang='lat' dir='ltr'>Ma</span> <span class='ocrx_word' id='word_1_134' title='bbox 741 3216 819 3288; x_wconf 78' lang='lat' dir='ltr'>diri</span> <span class='ocrx_word' id='word_1_135' title='bbox 845 3215 1014 3314; x_wconf 72' lang='lat' dir='ltr'>Capuam</span> <span class='ocrx_word' id='word_1_136' title='bbox 1036 3212 1215 3313; x_wconf 85' lang='lat' dir='ltr'>martyris</span> <span class='ocrx_word' id='word_1_137' title='bbox 1243 3231 1281 3288; x_wconf 89' lang='lat' dir='ltr'>et</span> <span class='ocrx_word' id='word_1_138' title='bbox 1305 3214 1469 3318; x_wconf 86' lang='lat' dir='ltr'>episcopi</span> <span class='ocrx_word' id='word_1_139' title='bbox 1495 3221 1541 3296; x_wconf 90' lang='lat' dir='ltr'>de</span> <span class='ocrx_word' id='word_1_140' title='bbox 1566 3221 1665 3321; x_wconf 81' lang='lat' dir='ltr'>stgno</span> <span class='ocrx_word' id='word_1_141' title='bbox 1691 3225 1880 3305; x_wconf 86' lang='lat' dir='ltr'>salutifere</span> 
     </span>
     <span class='ocr_line' id='line_1_20' title="bbox 271 3319 1880 3448; baseline 0.009 -40.044"><span class='ocrx_word' id='word_1_142' title='bbox 271 3319 398 3409; x_wconf 88' lang='lat' dir='ltr'>crucis</span> <span class='ocrx_word' id='word_1_143' title='bbox 415 3361 568 3410; x_wconf 87' lang='lat' dir='ltr'>carmen</span> <span class='ocrx_word' id='word_1_144' title='bbox 584 3333 785 3408; x_wconf 90' lang='lat' dir='ltr'>heroicum</span> <span class='ocrx_word' id='word_1_145' title='bbox 804 3332 1005 3404; x_wconf 77' lang='lat' dir='ltr'>Claudiam</span> <span class='ocrx_word' id='word_1_146' title='bbox 1016 3340 1152 3430; x_wconf 82' lang='lat' dir='ltr'>poetae</span> <span class='ocrx_word' id='word_1_147' title='bbox 1168 3332 1345 3431; x_wconf 81' lang='lat' dir='ltr'>gentilis</span> <span class='ocrx_word' id='word_1_148' title='bbox 1336 3337 1526 3412; x_wconf 77' lang='lat' dir='ltr'>invocatio</span> <span class='ocrx_word' id='word_1_149' title='bbox 1546 3339 1593 3413; x_wconf 92' lang='lat' dir='ltr'>ad</span> <span class='ocrx_word' id='word_1_150' title='bbox 1604 3341 1792 3419; x_wconf 86' lang='lat' dir='ltr'>Christum</span> <span class='ocrx_word' id='word_1_151' title='bbox 1807 3375 1880 3448; x_wconf 91' lang='lat' dir='ltr'>pro</span> 
     </span>
     <span class='ocr_line' id='line_1_21' title="bbox 280 3448 1886 3563; baseline 0.009 -38"><span class='ocrx_word' id='word_1_152' title='bbox 280 3452 475 3549; x_wconf 82' lang='lat' dir='ltr'>Theodosia</span> <span class='ocrx_word' id='word_1_153' title='bbox 490 3452 612 3527; x_wconf 89' lang='lat' dir='ltr'>cesare</span> <span class='ocrx_word' id='word_1_154' title='bbox 631 3452 873 3550; x_wconf 75' lang='lat' dir='ltr'>Augusto-</span> <span class='ocrx_word' id='word_1_155' title='bbox 828 3449 1029 3528; x_wconf 85' lang='lat' dir='ltr'>-Haec</span> <span class='ocrx_word' id='word_1_156' title='bbox 1020 3475 1058 3521; x_wconf 76' lang='lat' dir='ltr'>sn</span> <span class='ocrx_word' id='word_1_157' title='bbox 1077 3448 1270 3524; x_wconf 83' lang='lat' dir='ltr'>fronte-</span> <span class='ocrx_word' id='word_1_158' title='bbox 1290 3450 1351 3525; x_wconf 88' lang='lat' dir='ltr'>sos</span> <span class='ocrx_word' id='word_1_159' title='bbox 1375 3478 1402 3526; x_wconf 88' lang='grc' dir='ltr'>ι.</span> <span class='ocrx_word' id='word_1_160' title='bbox 1428 3454 1564 3530; x_wconf 90' lang='lat' dir='ltr'>eodem</span> <span class='ocrx_word' id='word_1_161' title='bbox 1590 3456 1653 3533; x_wconf 89' lang='lat' dir='ltr'>sol</span> <span class='ocrx_word' id='word_1_162' title='bbox 1673 3459 1709 3534; x_wconf 93' lang='lat' dir='ltr'>b.</span> <span class='ocrx_word' id='word_1_163' title='bbox 1732 3461 1886 3563; x_wconf 81' lang='lat' dir='ltr'>epistola</span> 
     </span>
     <span class='ocr_line' id='line_1_22' title="bbox 276 3566 1884 3681; baseline 0.007 -36"><span class='ocrx_word' id='word_1_164' title='bbox 276 3571 485 3645; x_wconf 76' lang='lat' dir='ltr'>ssennanm</span> <span class='ocrx_word' id='word_1_165' title='bbox 503 3569 715 3668; x_wconf 84' lang='lat' dir='ltr'>Buschizad</span> <span class='ocrx_word' id='word_1_166' title='bbox 737 3570 918 3663; x_wconf 69' lang='lat' dir='ltr'>‚Ioannem</span> <span class='ocrx_word' id='word_1_167' title='bbox 938 3566 1051 3642; x_wconf 79' lang='lat' dir='ltr'>Isritto</span> <span class='ocrx_word' id='word_1_168' title='bbox 1073 3567 1280 3669; x_wconf 87' lang='lat' dir='ltr'>patriciu-m</span> <span class='ocrx_word' id='word_1_169' title='bbox 1304 3571 1561 3650; x_wconf 86' lang='lat' dir='ltr'>coloniensem</span> <span class='ocrx_word' id='word_1_170' title='bbox 1586 3617 1632 3638; x_wconf 88' lang='lat'><em>-</em></span> <span class='ocrx_word' id='word_1_171' title='bbox 1658 3577 1748 3654; x_wconf 87' lang='lat' dir='ltr'>dein</span> <span class='ocrx_word' id='word_1_172' title='bbox 1773 3597 1884 3681; x_wconf 84' lang='lat' dir='ltr'>pater</span> 
     </span>
     <span class='ocr_line' id='line_1_23' title="bbox 274 3686 1879 3794; baseline 0.003 -30"><span class='ocrx_word' id='word_1_173' title='bbox 274 3691 398 3765; x_wconf 78' lang='lat' dir='ltr'>nosset</span> <span class='ocrx_word' id='word_1_174' title='bbox 413 3687 636 3763; x_wconf 79' lang='lat' dir='ltr'>hecatostica</span> <span class='ocrx_word' id='word_1_175' title='bbox 652 3686 778 3787; x_wconf 91' lang='lat' dir='ltr'>prima</span> <span class='ocrx_word' id='word_1_176' title='bbox 797 3701 836 3761; x_wconf 88' lang='lat' dir='ltr'>et</span> <span class='ocrx_word' id='word_1_177' title='bbox 854 3686 1015 3762; x_wconf 85' lang='lat' dir='ltr'>secunda</span> <span class='ocrx_word' id='word_1_178' title='bbox 1039 3726 1084 3746; x_wconf 88' lang='lat'>-</span> <span class='ocrx_word' id='word_1_179' title='bbox 1115 3686 1178 3760; x_wconf 87' lang='lat' dir='ltr'>fos.</span> <span class='ocrx_word' id='word_1_180' title='bbox 1195 3687 1229 3760; x_wconf 83' lang='lat'>6.</span> <span class='ocrx_word' id='word_1_181' title='bbox 1248 3687 1285 3762; x_wconf 89' lang='lat' dir='ltr'>b.</span> <span class='ocrx_word' id='word_1_182' title='bbox 1304 3687 1489 3790; x_wconf 86' lang='lat' dir='ltr'>suphicon</span> <span class='ocrx_word' id='word_1_183' title='bbox 1508 3692 1556 3768; x_wconf 84' lang='lat' dir='ltr'>ad</span> <span class='ocrx_word' id='word_1_184' title='bbox 1571 3694 1606 3770; x_wconf 91' lang='lat' dir='ltr'>b.</span> <span class='ocrx_word' id='word_1_185' title='bbox 1629 3696 1811 3794; x_wconf 71' lang='lat' dir='ltr'>W&#39;rginem</span> <span class='ocrx_word' id='word_1_186' title='bbox 1832 3739 1879 3755; x_wconf 91' lang='lat'>—</span> 
     </span>
     <span class='ocr_line' id='line_1_24' title="bbox 270 3804 1889 3906; baseline -0.004 -26"><span class='ocrx_word' id='word_1_187' title='bbox 270 3805 338 3881; x_wconf 72' lang='lat' dir='ltr'>sos.</span> <span class='ocrx_word' id='word_1_188' title='bbox 360 3808 394 3882; x_wconf 83' lang='lat'>8.</span> <span class='ocrx_word' id='word_1_189' title='bbox 409 3804 575 3904; x_wconf 78' lang='lat' dir='ltr'>Busahii</span> <span class='ocrx_word' id='word_1_190' title='bbox 587 3804 739 3906; x_wconf 84' lang='lat' dir='ltr'>epistola</span> <span class='ocrx_word' id='word_1_191' title='bbox 759 3804 806 3878; x_wconf 87' lang='lat' dir='ltr'>ad</span> <span class='ocrx_word' id='word_1_192' title='bbox 826 3804 1056 3878; x_wconf 77' lang='lat' dir='ltr'>Suthualdam</span> <span class='ocrx_word' id='word_1_193' title='bbox 1078 3804 1309 3880; x_wconf 82' lang='lat' dir='ltr'>fundensem.</span> <span class='ocrx_word' id='word_1_194' title='bbox 1327 3848 1377 3865; x_wconf 93' lang='lat'>-</span> <span class='ocrx_word' id='word_1_195' title='bbox 1395 3806 1459 3882; x_wconf 88' lang='lat' dir='ltr'>sol.</span> <span class='ocrx_word' id='word_1_196' title='bbox 1478 3809 1625 3888; x_wconf 85' lang='lat' dir='ltr'>eodem</span> <span class='ocrx_word' id='word_1_197' title='bbox 1644 3813 1802 3888; x_wconf 84' lang='lat' dir='ltr'>Hearici</span> <span class='ocrx_word' id='word_1_198' title='bbox 1814 3817 1889 3889; x_wconf 86' lang='lat' dir='ltr'>Eu.</span> 
     </span>
     <span class='ocr_line' id='line_1_25' title="bbox 277 3921 1887 4032; baseline 0.004 -33"><span class='ocrx_word' id='word_1_199' title='bbox 277 3927 349 4000; x_wconf 75' lang='lat' dir='ltr'>rici</span> <span class='ocrx_word' id='word_1_200' title='bbox 364 3950 519 3999; x_wconf 89' lang='lat' dir='ltr'>carmen</span> <span class='ocrx_word' id='word_1_201' title='bbox 534 3966 583 3982; x_wconf 89' lang='lat'>-</span> <span class='ocrx_word' id='word_1_202' title='bbox 600 3923 667 3998; x_wconf 67' lang='lat' dir='ltr'>sos,</span> <span class='ocrx_word' id='word_1_203' title='bbox 675 3949 709 4023; x_wconf 85' lang='lat'>9.</span> <span class='ocrx_word' id='word_1_204' title='bbox 734 3923 840 3997; x_wconf 78' lang='lat' dir='ltr'>Tarii</span> <span class='ocrx_word' id='word_1_205' title='bbox 852 3923 1009 3996; x_wconf 77' lang='lat' dir='ltr'>Caecilii</span> <span class='ocrx_word' id='word_1_206' title='bbox 1022 3923 1200 4023; x_wconf 71' lang='lat' dir='ltr'>Cypriani</span> <span class='ocrx_word' id='word_1_207' title='bbox 1212 3921 1502 4020; x_wconf 79' lang='lat' dir='ltr'>carthaginensis</span> <span class='ocrx_word' id='word_1_208' title='bbox 1519 3927 1683 4029; x_wconf 90' lang='lat' dir='ltr'>episcopi</span> <span class='ocrx_word' id='word_1_209' title='bbox 1705 3932 1887 4032; x_wconf 81' lang='lat' dir='ltr'>eloquen-</span> 
     </span>
     <span class='ocr_line' id='line_1_26' title="bbox 275 4036 1886 4142; baseline 0.006 -25"><span class='ocrx_word' id='word_1_210' title='bbox 275 4042 348 4130; x_wconf 86' lang='lat' dir='ltr'>tia,</span> <span class='ocrx_word' id='word_1_211' title='bbox 378 4041 485 4117; x_wconf 82' lang='lat' dir='ltr'>timul</span> <span class='ocrx_word' id='word_1_212' title='bbox 506 4059 544 4117; x_wconf 92' lang='lat' dir='ltr'>et</span> <span class='ocrx_word' id='word_1_213' title='bbox 567 4041 754 4142; x_wconf 88' lang='lat' dir='ltr'>martyrio</span> <span class='ocrx_word' id='word_1_214' title='bbox 772 4039 921 4141; x_wconf 75' lang='lat' dir='ltr'>gloriost</span> <span class='ocrx_word' id='word_1_215' title='bbox 944 4039 990 4114; x_wconf 89' lang='lat' dir='ltr'>de</span> <span class='ocrx_word' id='word_1_216' title='bbox 1010 4039 1113 4137; x_wconf 80' lang='lat' dir='ltr'>ligno</span> <span class='ocrx_word' id='word_1_217' title='bbox 1134 4036 1329 4113; x_wconf 85' lang='lat' dir='ltr'>salutifero</span> <span class='ocrx_word' id='word_1_218' title='bbox 1352 4041 1474 4115; x_wconf 91' lang='lat' dir='ltr'>crucis</span> <span class='ocrx_word' id='word_1_219' title='bbox 1504 4071 1658 4119; x_wconf 90' lang='lat' dir='ltr'>carmen</span> <span class='ocrx_word' id='word_1_220' title='bbox 1684 4046 1886 4127; x_wconf 89' lang='lat' dir='ltr'>heroicum</span> 
     </span>
     <span class='ocr_line' id='line_1_27' title="bbox 274 4156 1886 4244; baseline 0.006 -8"><span class='ocrx_word' id='word_1_221' title='bbox 274 4185 363 4236; x_wconf 82' lang='lat' dir='ltr'>cum</span> <span class='ocrx_word' id='word_1_222' title='bbox 377 4160 673 4238; x_wconf 81' lang='lat' dir='ltr'>commentariis.</span> <span class='ocrx_word' id='word_1_223' title='bbox 690 4159 830 4233; x_wconf 87' lang='lat' dir='ltr'>finiunt</span> <span class='ocrx_word' id='word_1_224' title='bbox 851 4157 1008 4234; x_wconf 89' lang='lat' dir='ltr'>demum</span> <span class='ocrx_word' id='word_1_225' title='bbox 1024 4156 1163 4232; x_wconf 49' lang='lat' dir='ltr'>solita.</span> <span class='ocrx_word' id='word_1_226' title='bbox 1175 4182 1265 4231; x_wconf 88' lang='lat' dir='ltr'>cum</span> <span class='ocrx_word' id='word_1_227' title='bbox 1276 4157 1427 4231; x_wconf 66' lang='lat' dir='ltr'>Claudat·</span> <span class='ocrx_word' id='word_1_228' title='bbox 1437 4158 1637 4235; x_wconf 75' lang='lat' dir='ltr'>Claudiani</span> <span class='ocrx_word' id='word_1_229' title='bbox 1652 4166 1821 4243; x_wconf 88' lang='lat' dir='ltr'>carmine</span> <span class='ocrx_word' id='word_1_230' title='bbox 1840 4171 1886 4244; x_wconf 86' lang='lat' dir='ltr'>ad</span> 
     </span>
     <span class='ocr_line' id='line_1_28' title="bbox 278 4277 753 4356; baseline 0.008 -4"><span class='ocrx_word' id='word_1_231' title='bbox 278 4277 468 4356; x_wconf 77' lang='lat' dir='ltr'>Christum</span> <span class='ocrx_word' id='word_1_232' title='bbox 751 4334 753 4336; x_wconf 28' lang='grc' dir='ltr'>ψ</span> 
     </span>
     <span class='ocr_line' id='line_1_29' title="bbox 560 4353 1442 4453; baseline -0.001 -2"><span class='ocrx_word' id='word_1_233' title='bbox 560 4376 692 4451; x_wconf 87' lang='lat' dir='ltr'>Morte</span> <span class='ocrx_word' id='word_1_234' title='bbox 709 4390 776 4450; x_wconf 88' lang='lat' dir='ltr'>tua</span> <span class='ocrx_word' id='word_1_235' title='bbox 796 4399 889 4448; x_wconf 84' lang='lat' dir='ltr'>mox</span> <span class='ocrx_word' id='word_1_236' title='bbox 911 4374 1084 4452; x_wconf 85' lang='lat' dir='ltr'>ethereas</span> <span class='ocrx_word' id='word_1_237' title='bbox 1099 4389 1254 4453; x_wconf 78' lang='lat' dir='ltr'>evectus</span> <span class='ocrx_word' id='word_1_238' title='bbox 1269 4374 1309 4447; x_wconf 89' lang='lat' dir='ltr'>in</span> <span class='ocrx_word' id='word_1_239' title='bbox 1328 4353 1442 4450; x_wconf 72' lang='lat' dir='ltr'>auras</span> 
     </span>
     <span class='ocr_line' id='line_1_30' title="bbox 560 4513 1447 4614; baseline 0 -25"><span class='ocrx_word' id='word_1_240' title='bbox 560 4513 727 4613; x_wconf 79' lang='lat' dir='ltr'>Purgata</span> <span class='ocrx_word' id='word_1_241' title='bbox 747 4529 924 4614; x_wconf 84' lang='lat' dir='ltr'>repetens</span> <span class='ocrx_word' id='word_1_242' title='bbox 944 4515 1126 4590; x_wconf 85' lang='lat' dir='ltr'>letantem</span> <span class='ocrx_word' id='word_1_243' title='bbox 1146 4513 1230 4588; x_wconf 88' lang='lat' dir='ltr'>luce</span> <span class='ocrx_word' id='word_1_244' title='bbox 1248 4530 1447 4614; x_wconf 88' lang='lat' dir='ltr'>parentem</span> 
     </span>
    </p>
   </div>
   <div class='ocr_carea' id='block_1_7' title="bbox 565 4649 1411 4754">
    <p class='ocr_par' dir='ltr' id='par_1_7' title="bbox 565 4649 1411 4754">
     <span class='ocr_line' id='line_1_31' title="bbox 565 4649 1411 4754; baseline 0.001 -26"><span class='ocrx_word' id='word_1_245' title='bbox 565 4653 774 4752; x_wconf 74' lang='lat' dir='ltr'>Augustum</span> <span class='ocrx_word' id='word_1_246' title='bbox 791 4653 932 4729; x_wconf 84' lang='lat' dir='ltr'>foveas.</span> <span class='ocrx_word' id='word_1_247' title='bbox 958 4653 1071 4728; x_wconf 84' lang='lat' dir='ltr'>Festis</span> <span class='ocrx_word' id='word_1_248' title='bbox 1085 4668 1130 4728; x_wconf 89' lang='lat' dir='ltr'>ut</span> <span class='ocrx_word' id='word_1_249' title='bbox 1150 4649 1259 4754; x_wconf 85' lang='lat' dir='ltr'>saepe</span> <span class='ocrx_word' id='word_1_250' title='bbox 1278 4652 1411 4729; x_wconf 85' lang='lat' dir='ltr'>diebus</span> 
     </span>
    </p>
   </div>
   <div class='ocr_carea' id='block_1_8' title="bbox 564 4782 1359 4892">
    <p class='ocr_par' dir='ltr' id='par_1_8' title="bbox 564 4782 1359 4892">
     <span class='ocr_line' id='line_1_32' title="bbox 564 4782 1359 4892; baseline 0 -26"><span class='ocrx_word' id='word_1_251' title='bbox 564 4791 704 4866; x_wconf 81' lang='lat' dir='ltr'>Anima</span> <span class='ocrx_word' id='word_1_252' title='bbox 719 4790 839 4892; x_wconf 89' lang='lat' dir='ltr'>syceri</span> <span class='ocrx_word' id='word_1_253' title='bbox 859 4791 1026 4868; x_wconf 84' lang='lat' dir='ltr'>celebret</span> <span class='ocrx_word' id='word_1_254' title='bbox 1046 4792 1187 4868; x_wconf 88' lang='lat' dir='ltr'>ieiunia</span> <span class='ocrx_word' id='word_1_255' title='bbox 1202 4790 1307 4868; x_wconf 87' lang='lat' dir='ltr'>sacri.</span> <span class='ocrx_word' id='word_1_256' title='bbox 1356 4782 1359 4792; x_wconf 78' lang='grc'><strong>’</strong></span> 
     </span>
    </p>
   </div>
   <div class='ocr_carea' id='block_1_9' title="bbox 1472 4893 1645 4974">
    <p class='ocr_par' dir='ltr' id='par_1_9' title="bbox 1472 4893 1645 4974">
     <span class='ocr_line' id='line_1_33' title="bbox 1472 4893 1645 4974; baseline -0.012 -9"><span class='ocrx_word' id='word_1_257' title='bbox 1472 4893 1645 4974; x_wconf 59' lang='grc' dir='ltr'>(362χ</span> 
     </span>
    </p>
   </div>
   <div class='ocr_carea' id='block_1_10' title="bbox 0 0 2164 5700">
    <p class='ocr_par' dir='ltr' id='par_1_10' title="bbox 0 0 2164 5700">
     <span class='ocr_line' id='line_1_34' title="bbox 0 0 2164 5700; baseline 0 0"><span class='ocrx_word' id='word_1_258' title='bbox 0 0 2164 5700; x_wconf 95' lang='lat' dir='ltr'> </span> 
     </span>
    </p>
   </div>
  </div>
 </body>
</html>
