4320 5700
284 796 1895 857 Μ

223 1227 232 1254 ”
356 1348 360 1356 -
466 1280 938 1396 oArALoons
983 1277 1737 1434 nmmoonnefflono
1823 1427 1826 1434 .

292 1552 618 1630 mnnonon
650 1546 1024 1624 onmnonom
1058 1546 1324 1622 stncnm
1361 1550 1388 1623 1.
1423 1545 1906 1626 rrroonnrmcn
2020 1628 2026 1634 .
2150 1534 2152 1538 ’

1007 1727 1060 1802 M.
1087 1725 1135 1803 Ι).
1162 1730 1189 1802 Ι.
1259 1751 1266 1759 ·

292 2056 320 2101 ι.
335 2069 386 2085 -
410 1967 562 2100 Rotas
591 2028 716 2099 reten's
741 2024 832 2098 artis
848 2023 886 2097 S.
907 2021 1146 2129 isagogarum
1165 2016 1354 2121 Porphirii
1375 2022 1752 2122 predicamentorum
1765 2026 1901 2124 Austo-

284 2148 368 2219 telis
387 2144 493 2218 fimul
518 2171 608 2219 cum
624 2142 772 2217 duobus
789 2141 894 2215 libris
908 2129 1210 2218 Pennememas.
1226 2137 1408 2214 eiusdem.
1428 2140 1581 2215 —item
1592 2141 1811 2219 Exercitata
1828 2145 1899 2218 cir·
2029 2160 2040 2189 Ι

288 2291 331 2339 ca
353 2265 440 2348 hoc,
464 2260 671 2335 fecundum
692 2259 906 2335 doctrinam
928 2258 1206 2332 modernorum
1232 2257 1390 2333 collecta
1416 2277 1455 2336 et
1479 2259 1576 2334 bene
1607 2261 1806 2336 emendata
1828 2290 1899 2364 per
2026 2240 2041 2269 ”

218 2365 221 2371 ’
286 2379 546 2458 venerabilem
566 2379 696 2454 virum
721 2377 940 2478 Magistrum
963 2371 1172 2452 Iohannem
1194 2375 1371 2449 Parreudt
1397 2377 1522 2453 sacrae
1544 2377 1679 2454 Theoi.
1702 2373 1901 2456 Baccalau-

283 2526 394 2575 reum
411 2499 619 2573 formatum
638 2496 678 2569 in
702 2495 943 2571 univerfitate
963 2493 1283 2593 ingolstatenfi.--
1300 2494 1406 2569 Haec
1424 2496 1463 2569 in
1478 2496 1665 2572 fronte—
1679 2498 1742 2572 fol.
1764 2499 1901 2574 eodem

283 2619 449 2718 Epistola
464 2617 511 2690 ad
530 2614 840 2690 adolescentes-
857 2615 904 2688 ad
918 2615 1035 2687 finem
1061 2611 1128 2685 fot
1151 2611 1228 2685 130.
1253 2611 1388 2686 lin.13.
1413 2615 1630 2690 Exercitata
1649 2617 1790 2690 veterio
1809 2598 1901 2692 ‘artis

283 2762 359 2835 que
375 2733 460 2807 sunt
480 2732 629 2832 isagoge
647 2731 1130 2834 Porphiriipredicamenta
1150 2728 1357 2825 Anytotelzi·
1375 2756 1464 2806 cum
1476 2732 1627 2807 duobus
1646 2724 1752 2808 libris
1772 2752 1901 2809 etc.—

284 2849 507 2952 imprcffum
518 2878 590 2952 per
607 2849 831 2924 industrium
841 2849 968 2923 virum
979 2847 1174 2920 Henn'cum
1188 2847 1288 2920 Gran
1301 2848 1341 2922 in
1357 2847 1546 2949 imperiali
1562 2850 1679 2951 opido
1690 2853 1899 2950 Hagenane

282 2986 320 3044 et
346 2967 522 3070 imponito
554 2996 597 3042 ac
625 2967 838 3068 sumptibus
864 2965 1018 3068 providi
1046 2965 1385 3068 circumspectique
1412 2966 1486 3042 viri
1523 2968 1708 3042 Johanm's
1730 2969 1903 3070 Rynman

279 3088 418 3161 finiunt
437 3087 597 3162 feliciter
619 3086 733 3158 Anno
755 3085 882 3160 salutis
908 3086 960 3158 Μ.
986 3085 1035 3159 D.
1062 3088 1089 3158 Ι.
1116 3084 1253 3159 ultimo
1279 3085 1341 3159 die
1359 3085 1525 3184 Augusti.
1553 3087 1664 3161 Char.
1689 3080 1793 3185 goth'.
1819 3088 1897 3162 foll.

285 3205 363 3279 130.
384 3231 463 3278 non
481 3205 568 3302 fign.
587 3205 650 3277 lin.
675 3205 731 3301 39.
752 3211 785 3292 4.

472 3340 641 3396 Exercitata
667 3341 739 3394 hacc
765 3339 962 3419 Maittairio,
998 3327 1119 3413 Denisio
1149 3354 1176 3393 et
1200 3340 1333 3395 Punzero
1353 3342 1505 3416 incognita
1528 3341 1610 3398 fuiss'e
1626 3344 1788 3407 videntum
1823 3367 1892 3402 nus-

562 3452 648 3506 quam
670 3434 746 3487 enim
765 3429 898 3485 recenfita
914 3427 1040 3484 fuerunt.
1120 3501 1124 3515 1

371 3634 466 3681 2...
488 3603 589 3708 Quae
611 3602 651 3677 tn
669 3600 740 3675 hoc
756 3599 851 3674 mro
871 3600 1105 3674 commeatur.
1139 3601 1536 3678 carolomannum
1565 3589 1785 3684 divinornm
1808 3610 1897 3687 nort

277 3742 442 3826 quatuor
456 3722 629 3799 carmine
654 3719 883 3795 heroico-
901 3719 1074 3792 Eritsdem
1095 3718 1245 3819 Elegia,
1272 3721 1313 3794 in
1333 3731 1409 3822 qua
1429 3723 1514 3797 finis
1532 3728 1762 3825 pentametri
1785 3732 1833 3803 est
1852 3728 1896 3801 ii-

274 3843 375 3917 milis
395 3841 587 3947 principio
601 3839 884 3916 hexametri-
896 3839 1069 3912 Eritsdem
1080 3837 1249 3938 hymnus
1267 3839 1313 3914 de
1329 3840 1467 3937 Christo
1484 3843 1531 3918 ab
1547 3844 1820 3931 incarnatione,
1837 3845 1895 3919 us·

272 3989 347 4062 que
364 3960 410 4036 ad
430 3957 965 4059 ascaniionem.-Juvenc1'de
984 3956 1211 4057 Evangelica
1225 3957 1378 4033 historia
1394 3960 1482 4034 libri
1504 3963 1741 4062 quat'uor.-
1760 3963 1892 4037 Arato·

273 4081 325 4168 ris
353 4079 552 4155 cardinalia
576 4078 750 4154 historiae
771 4076 1011 4183 Apostolicae'
1039 4073 1127 4151 libri
1150 4075 1237 4151 duo,
1256 4119 1308 4135 -
1327 4077 1470 4151 Probae
1489 4081 1689 4152 Falcom‘ae
1711 4096 1823 4156 cento
1844 4109 1893 4158 ex

281 4194 441 4296 Vergilzo
460 4198 506 4270 de
526 4220 630 4271 novo
648 4195 817 4273 etveteri
835 4183 1068 4270 testamento.
1083 4234 1134 4252 -
1149 4195 1306 4269 Homero
1322 4211 1462 4281 centra,
1482 4197 1557 4270 hoo
1576 4203 1624 4272 est
1644 4215 1826 4275 centones
1845 4226 1894 4276 ex

276 4314 451 4390 Homero
469 4338 602 4413 graece
621 4305 1040 4414 cuminterpretatione
1058 4311 1183 4388 latina.
1195 4352 1245 4370 -
1258 4309 1466 4411 opusculum
1482 4313 1529 4389 ad
1540 4316 1892 4394 Annunciationem

275 4432 413 4544 orariis.
432 4431 604 4532 Virginis
623 4458 757 4532 graece
776 4459 864 4508 cum
880 4432 999 4507 latino
1015 4432 1056 4505 in
1074 4429 1202 4505 medio
1222 4431 1514 4532 quaterniorum
1534 4435 1779 4511 omnium-
1797 4440 1892 4513 Luc-

276 4557 389 4633 tantii
400 4554 583 4627 Fimnmi
595 4551 641 4628 de
662 4551 951 4627 Resurrectione
969 4549 1168 4650 Elegia-
1183 4551 1357 4624 Eritsdem
1381 4550 1430 4626 de
1447 4551 1613 4654 passione
1628 4555 1788 4630 Domini
1807 4583 1888 4632 car·

279 4675 382 4748 mine
403 4673 571 4749 heroico.
598 4713 646 4732 -
674 4674 873 4773 Cyprianus
896 4670 943 4744 de
962 4670 1065 4770 ligno
1083 4668 1205 4756 crucia
1226 4665 1337 4755 versu
1355 4671 1524 4748 heroico.
1548 4713 1596 4730 -
1626 4675 1809 4777 Cyphnm'
1825 4675 1888 4747 de·
1926 4731 1931 4740 .

279 4792 493 4892 precatoria
507 4792 553 4867 ad
573 4791 779 4895 Virginem
792 4789 931 4890 Elegia
950 4824 998 4848 -
1017 4790 1143 4864 Oratio
1159 4788 1207 4865 ad
1225 4789 1388 4868 eandem
1395 4790 1505 4869 versu
1522 4792 1887 4869 heroico-*Sancti

383 4910 457 4988 Vol.
475 4911 526 4985 II.
1466 4908 1502 4982 A
