4320 5700
683 621 921 684 CATALOGUS
949 615 1323 676 BlBLlOGstAPH'ICUS
1346 611 1468 672 ΜΒΝ.
1835 623 1877 694 19

275 832 400 890 tarum
418 809 504 883 libri
524 808 589 881 lV.
607 843 656 864 ··
673 802 876 900 Aristotelis
891 799 1128 899 problemata
1143 838 1190 853 -
1215 793 1426 868 Alexandn'
1450 792 1698 893 Aphrudzsuer'
1724 791 1880 892 proble-

269 949 377 1008 mata
393 945 462 1004 etc.
489 929 565 1000 Eos
581 951 651 998 nos
676 919 906 996 contulimus
932 942 1020 990 cum
1047 912 1190 1013 graecis
1210 909 1511 1010 exemplaribus,
1532 938 1608 1011 qua
1629 937 1673 984 re
1683 902 1874 1011 plurima,

189 1020 196 1032 .
272 1077 369 1152 quae
391 1047 452 1123 vel
472 1028 735 1128 deerant‚‚vel
759 1060 969 1138 perperum
987 1030 1170 1132 imprelsa'
1185 1030 1421 1105 habebantur
1440 1027 1567 1104 addita
1584 1029 1784 1103 emendata
1803 1055 1879 1130 que

272 1163 561 1241 lunt-Aldus.
582 1157 769 1233 eumelus
792 1153 920 1250 lnfign.
947 1152 1186 1250 Typogr.-
1205 1149 1309 1221 Haec
1336 1147 1464 1221 omnia
1489 1147 1527 1219 in
1553 1147 1680 1221 fronte
1698 1148 1761 1221 sol.
1796 1176 1823 1221 1.
1844 1147 1881 1221 b.
1955 1159 1960 1166 '

272 1285 433 1384 Epistola
450 1278 680 1355 dedicatoria
701 1275 794 1346 Aldi
817 1272 862 1346 ad
884 1269 1068 1346 Matbeum
1088 1265 1270 1362 hungriam
1296 1267 1357 1339 Sa.
1377 1262 1478 1338 Cael.
1494 1266 1579 1362 Maj.
1601 1295 1623 1339 a
1645 1266 1810 1339 Secretis
1839 1281 1879 1339 et

273 1399 528 1501 praepositum
548 1393 801 1494 augustensem
819 1412 974 1460 -cum
993 1383 1261 1483 subscriptione
1293 1385 1449 1455 Venetrilt
1478 1384 1596 1456 Sexto
1624 1383 1880 1457 Calendarum

275 1517 421 1617 Aprilis
444 1515 608 1587 MDllll.
631 1510 808 1585 adfinem
829 1506 890 1577 lol.
922 1505 987 1578 ult.
1012 1508 1094 1598 274.
1120 1527 1202 1573 non
1228 1499 1351 1599 signat.
1387 1501 1545 1576 Veneriis
1572 1500 1701 1576 Mense
1737 1503 1882 1577 Martio

207 1652 210 1659 '
276 1635 440 1708 MDllll.
462 1632 573 1703 Char.
592 1654 689 1701 rom.
705 1623 842 1724 splend.
862 1622 939 1695 soll.
960 1626 1042 1717 274.
1063 1618 1148 1717 sign.
1166 1619 1233 1691 ult.
1254 1617 1328 1691 stne
1349 1617 1460 1717 figno.
1482 1617 1544 1691 lin.
1563 1620 1620 1714 57.
1637 1617 1661 1692 s.

464 1771 593 1826 Panzert'
607 1765 712 1820 Annas.
732 1765 863 1837 Typogr.
881 1754 952 1815 T.8.
972 1779 999 1834 p.
1010 1759 1072 1830 370.
1089 1750 1127 1812 Ni
1138 1757 1203 1830 257.
1221 1757 1323 1812 Matre.
1343 1755 1405 1811 Ind.
1417 1758 1439 1810 Ι.
1459 1777 1487 1830 p.
1497 1757 1543 1830 76.
1562 1758 1642 1812 Serio
1660 1757 1727 1833 dell'
1745 1758 1875 1817 edizioni

562 1858 670 1915 Aldine
685 1858 714 1931 p'.
724 1866 768 1928 24.
787 1855 824 1909 N.
835 1871 861 1921 3.
880 1855 962 1908 Duas
978 1850 1064 1926 plane
1080 1848 1243 1905 differentes
1258 1848 1398 1904 editiones
1416 1864 1443 1904 et
1460 1849 1576 1923 quidem
1594 1850 1875 1931 'eodemann01504

560 1950 648 2008 saetas
666 1947 761 2005 nostra
785 1944 968 2002 Bibliotheca
992 1941 1120 2018 possidet.
1141 1942 1349 2010 Terminantur
1367 1939 1483 2015 quidem
1501 1941 1602 1997 ambae
1618 1942 1669 1998 sol.
1690 1946 1742 2015 273
1760 1945 1879 2018 ignato.

568 2043 707 2098 disserunt
723 2056 818 2095 tamen
836 2038 867 2090 in
884 2035 1031 2111 principio
1050 2033 1103 2088 sol.
1123 2055 1148 2089 1.
1166 2033 1217 2088 ubi
1234 2033 1359 2108 legitur:
1386 2034 1439 2090 lin.
1457 2036 1484 2090 3.
1503 2036 1534 2089 in
1553 2036 1712 2110 exemplari
1735 2037 1820 2111 supra
1835 2058 1880 2093 rs·

565 2135 683 2190 cenlito:
710 2133 741 2186 in
768 2128 871 2203 quibus
895 2129 998 2182 At'alia
1023 2128 1099 2182 inter
1115 2126 1142 2180 se
1159 2125 1294 2181 differant
1310 2157 1345 2169 ·-
1371 2128 1403 2181 in
1421 2127 1512 2182 altero
1530 2127 1703 2202 exemplari:
1732 2129 1885 2202 inquibus

564 2226 719 2282 Animalt'it
742 2223 817 2276 inter
835 2221 862 2274 so
878 2218 1030 2286 differant,
1055 2219 1147 2294 plenis
1174 2239 1276 2293 nempe
1291 2218 1394 2274 litteris
1411 2219 1484 2274 haec
1505 2221 1654 2295 inscriptio
1672 2214 1827 2277 indicetur.
1848 2227 1884 2276 ln

566 2316 725 2391 exemplari
738 2313 871 2369 recensito
891 2312 928 2367 ad
945 2312 1050 2369 calcem
1066 2310 1117 2367 sol.
1137 2311 1189 2365 ult.
1208 2310 1261 2366 lin.
1271 2306 1317 2364 58.
1338 2312 1479 2386 appositus
1498 2309 1534 2367 est
1552 2315 1651 2367 Annus
1663 2316 1754 2369 mn.
1768 2318 1885 2369 1111.-

564 2412 597 2466 in
615 2409 705 2464 altero
724 2405 882 2480 exemplari
899 2424 990 2460 annus
1008 2404 1122 2459 omiss'us
1139 2405 1204 2459 luit.
1227 2407 1261 2457 ln
1278 2403 1336 2458 hoc
1345 2404 1504 2477 exemplari
1520 2406 1702 2479 reperiuntur
1717 2388 1776 2462 lini
1786 2410 1831 2481 57
1850 2410 1885 2464 in

563 2502 654 2558 altero
671 2516 782 2555 nantum
805 2501 850 2570 53.
869 2514 896 2552 et
915 2495 1056 2552 eiusmodi
1081 2494 1262 2550 differentiae
1278 2497 1310 2549 in
1331 2498 1538 2551 commentario
1567 2513 1594 2551 et
1608 2496 1723 2553 tabellis
1741 2501 1884 2574 permulta

563 2609 736 2656 occurruntt
765 2610 801 2648 ex
825 2588 929 2663 quibus
947 2587 1111 2653 concludo,
1132 2586 1290 2643 aditionem
1315 2578 1401 2663 supra
1423 2590 1585 2643 recensitam
1610 2606 1737 2665 ternpore
1754 2595 1880 2666 priorem

567 2686 638 2751 elle,
654 2705 721 2740 nam
734 2683 854 2759 ipsemet
869 2681 963 2737 Aldus
981 2681 1014 2735 in
1028 2680 1206 2762 praefatione
1221 2680 1332 2753 asserit,
1351 2699 1413 2734 enm
1430 2679 1465 2735 ab
1480 2680 1542 2756 ipso
1560 2682 1738 2739 emendatam
1755 2683 1845 2738 luisse.

375 2881 491 2972 48.-
508 2874 696 2977 Exposr'tib
714 2874 937 2976 Hymnorum
964 2899 1052 2947 cum
1070 2872 1228 2948 notabili
1257 2890 1499 2961 commento,
1522 2876 1627 2976 quod
1649 2873 1799 2975 semper
1817 2877 1886 2950 im-

277 3002 394 3104 plicat
406 2997 586 3072 Historias
604 3021 694 3069 cum
715 2993 873 3094 optimis
891 2990 1315 3092 allegationibussacrae
1338 2992 1553 3093 scripturae
1562 2992 1715 3066 illorum
1728 2995 1886 3069 Sancto-

276 3146 365 3193 rum
378 3119 439 3194 vel
450 3118 687 3199 Sanctarum,
706 3113 751 3216 de
765 3111 901 3213 quibus
912 3112 1005 3184 tales
1021 3110 1166 3208 Hymni
1183 3109 1441 3201 decantantur,
1462 3135 1509 3183 ex
1525 3107 1662 3211 quibus
1673 3110 1823 3209 poliunt
1835 3114 1885 3188 sa-

278 3237 349 3309 cile
375 3236 421 3309 de
445 3234 588 3308 eisdem
613 3230 760 3302 Sanctis
791 3229 915 3325 colligi
951 3226 1142 3300 sermones
1168 3225 1377 3323 peroptimi
1413 3224 1619 3300 subiunctis
1644 3231 1887 3328 quorundam

279 3352 554 3428 vocabulorum
572 3345 878 3446 expositionibus.
906 3343 1006 3416 Cum
1025 3342 1152 3440 effigie
1170 3342 1256 3440 sign.
1270 3343 1445 3440 Evangel.
1466 3343 1569 3442 ligno
1586 3346 1706 3420 incisa.
1720 3391 1763 3406 -
1777 3351 1882 3424 Haec

280 3470 320 3543 in
340 3471 465 3542 sronte
484 3464 597 3539 -ad
616 3465 732 3537 finem
746 3461 810 3535 fol.
831 3461 929 3557 7o‚b.
943 3459 1178 3558 Hymnarius
1195 3484 1283 3533 cum
1293 3458 1394 3533 bona
1406 3462 1885 3568 exposltionenotabilique
1934 3543 1936 3547 ,

280 3590 510 3662 Commento
530 3607 666 3681 magna
683 3605 772 3653 cum
788 3577 981 3677 diligentia
995 3601 1084 3651 cum
1094 3602 1210 3676 quam
1225 3575 1398 3676 pluribus
1415 3577 1495 3650 aliis
1511 3578 1664 3678 hymnis
1680 3584 1787 3682 prius
1804 3584 1885 3659 non

279 3705 413 3780 additis
425 3698 711 3777 elaboratillime
724 3697 895 3794 Basileus
908 3692 1102 3794 impressus
1111 3719 1181 3793 per
1189 3693 1408 3766 frlz'chaelem
1425 3695 1555 3769 Furten
1577 3698 1691 3771 Anno
1711 3699 1883 3776 incarna-

278 3822 394 3898 tionis
413 3817 626 3895 dominicae
635 3815 933 3889 Mcccecltlt.
949 3813 1008 3887 die
1019 3811 1196 3910 proxima
1203 3814 1283 3908 poll
1295 3809 1504 3887 nativit-atis
1512 3814 1788 3912 gloriolillimae
1798 3818 1886 3891 Vir-

279 3940 375 4039 ginis
392 3939 537 4025 Mariae
553 3933 795 4035 -Ssquitur
812 3932 939 4007 tabula
960 3929 1216 4028 Hymnorum.
1245 3923 1364 4003 Char(
1378 3929 1481 4028 goth.
1502 3931 1591 4004 min.
1608 3931 1684 4005 foll.
1702 3958 1757 4030 7⁰¹
1777 3961 1882 4015 num.

285 4060 323 4130 in
342 4073 424 4131 toto
445 4084 499 4153 71.
519 4056 582 4129 lin.
603 4055 668 4127 ult.
685 4051 749 4125 fol.
771 4052 827 4123 31.
848 4056 881 4138 4.

474 4194 602 4249 Panzert'
618 4190 724 4247 Annal.
741 4192 875 4264 Typogr.
896 4189 931 4248 T.
941 4153 1015 4260 6.'p.
1036 4181 1098 4257 178.
1116 4186 1155 4241 N.
1167 4185 1382 4241 ita-videtur
1399 4185 1496 4242 eadem
1516 4187 1567 4243 effe
1584 4191 1734 4264 expolitio,
1752 4199 1886 4268 quamvis

569 4284 624 4338 ills
645 4285 773 4340 Pmtzeti
797 4282 935 4357 incipiat:
961 4279 1112 4355 Expositis
1134 4279 1339 4335 sententiarum
1363 4294 1390 4335 et
1414 4281 1601 4348 Hymnorum
1629 4272 1694 4340 cuni
1713 4287 1883 4349 Commenta

570 4373 706 4431 hillerico
725 4390 779 4435 etc.

346 4506 350 4514 -
378 4555 438 4647 49.
453 4583 504 4606 --
520 4544 678 4619 hannis
709 4543 860 4618 Tonelzi'
881 4543 1030 4617 Aretim'
1054 4540 1100 4615 de
1129 4541 1414 4644 Orthographia
1440 4553 1686 4623 tractatus'-
1714 4552 1883 4628 eiusdem

282 4667 436 4741 loannis
462 4665 613 4738 Tortelz'i
629 4662 745 4747 Lima
768 4660 956 4764 quaedam
979 4684 1050 4759 per
1076 4661 1270 4759 Georgiizm
1295 4663 1437 4734 Vallum
1465 4663 1511 4737 de
1540 4665 1884 4767 Orthographia-

285 4785 388 4881 Haec
406 4784 444 4860 in
463 4784 646 4867 fronte-r
664 4781 734 4858 fol.
751 4803 778 4856 r.
801 4779 840 4868 br
857 4777 1123 4855 PirrbiPriu'ci
1135 4779 1332 4854 Mantuani
1348 4780 1571 4880 Epistolaad
1588 4784 1713 4857 lianc.
1738 4773 1885 4884 Capella
1967 4849 1971 4856 .

1532 4898 1562 4970 C
1577 4925 1599 4970 2
