4320 5700
776 675 874 691 ....
924 636 1032 731 )0(
1083 674 1181 692 --
1735 651 1794 707 t‘11

286 838 342 911 Ut
358 836 486 936 itaque
503 834 541 906 in
562 830 669 906 brevi
684 830 797 904 buius
816 829 1039 931 quaestionis
1056 827 1341 904 elucubratione
1360 828 1494 902 ordine
1518 827 1685 929 quodam
1704 857 1794 937 pro-

191 996 325 1071 cedam
341 994 590 1098 systematicO,
611 992 650 1066 in
669 991 802 1091 primis
821 989 1055 1090 requiritur,
1082 988 1138 1075 id,
1163 990 1201 1061 in
1219 1016 1296 1088 quo
1314 989 1370 1064 rei
1387 960 1501 1063 cardo
1516 990 1699 1073 vertitur,
1729 995 1792 1064 sta-

121 1142 123 1145 V
192 1173 321 1244 tuere,
338 1183 415 1258 quo
430 1155 569 1229 scilicet
586 1179 686 1228 anno
703 1178 762 1227 ars
781 1149 1057 1250 typographica
1073 1148 1210 1222 litteris
1230 1148 1458 1236 solutilibus‚
1477 1149 1692 1249 plerisque,
1714 1166 1795 1224 tota

104 1344 112 1353 ¹
192 1315 356 1416 denique
373 1315 444 1390 bac
463 1314 646 1421 methodo
663 1312 720 1384 uti
740 1325 934 1409 caeperat,
957 1336 1050 1408 qua,
1070 1309 1158 1381 licet
1183 1309 1230 1382 ad
1248 1309 1433 1408 majorem
1447 1309 1693 1410 perfectionis
1712 1335 1797 1408 gra·

193 1475 285 1549 dum
302 1475 506 1574 perducta,
522 1473 655 1548 nostris
675 1472 796 1548 adhuc
811 1469 1049 1570 temporibus
1072 1467 1204 1543 utitur.

287 1814 377 1887 Non
396 1813 499 1888 enim
522 1813 569 1887 de
593 1812 883 1913 quibuscunque
911 1810 1001 1886 artis
1024 1808 1257 1911 praeludiis,
1289 1811 1349 1883 sed
1376 1812 1422 1884 de
1449 1808 1519 1883 hac
1547 1810 1623 1910 ipsa
1644 1816 1795 1894 ¹litteras

192 1973 209 2068 (
216 1969 280 2044 seu
296 1971 399 2070 ligno
421 1969 571 2058 incisas,
590 1971 655 2046 feu
671 1972 824 2045 metallo
844 1971 961 2069 fusas)
982 1971 1081 2045 inter
1101 1968 1173 2044 sele
1192 1970 1434 2044 combinandi
1453 1968 1620 2055 ratione,
1641 1974 1795 2073 quaein

133 2200 137 2212 ,
192 2127 425 2204 hodiernum
444 2129 567 2204 adbuc
585 2131 686 2204 diem
705 2131 826 2231 viget,
848 2129 908 2202 bic
928 2129 1051 2203 sermo
1071 2134 1129 2206 eil.
1156 2131 1224 2203 llla
1247 2129 1350 2203 enim
1379 2129 1557 2228 indagare
1583 2131 1796 2230 praeludia,

76 2335 85 2348 -
192 2313 240 2360 ex
258 2287 398 2388 quibus
415 2315 475 2364 ars
494 2289 771 2389 typographica
786 2289 957 2390 primum
973 2288 1129 2364 inventa
1147 2293 1214 2374 est,
1232 2287 1465 2388 superfluum
1481 2288 1635 2388 prorsus
1658 2316 1700 2364 ac
1719 2290 1798 2365 ina·

188 2445 408 2522 nevidetur.
429 2448 528 2522 Nam
545 2463 583 2526 et
600 2446 774 2523 Sinenles
794 2456 833 2546 2)
853 2476 972 2550 aeque
989 2474 1031 2522 ac
1051 2448 1215 2524 Romani
1235 2447 1273 2546 3)
1291 2449 1435 2523 litteras
1452 2449 1586 2548 ligneis
1597 2451 1657 2524 vel
1669 2417 1795 2526 aeneis
1876 2466 1885 2474 “

189 2604 328 2705 tabulis
347 2606 558 2708 insculpere
571 2609 650 2706 jam
666 2607 873 2695 sciverunt,
896 2608 1147 2710 nihilominus
1165 2625 1314 2706 tamen,
1330 2609 1504 2706 quamvis
1522 2610 1796 2709 xylograpbiae

194 2780 235 2838 et
252 2764 806 2868 chalcographiaeperitissimi,
829 2768 963 2841 litteris
982 2766 1552 2866 solutilibusutiignoraverant‚
1569 2736 1731 2869 quaruin
1742 2768 1798 2842 lo-

189 2922 388 2997 lummodo
407 2923 578 3000 inventio
599 2925 763 3025 ususque
785 2950 916 3000 veram
932 2903 1027 2999 'artis
1049 2925 1348 3026 typographicae
1368 2927 1559 3001 ellentiam
1579 2929 1708 3001 efficit.
1732 2932 1770 3024 4)
1790 2983 1796 2998 t

284 3455 316 3521 2)
346 3449 476 3507 Testatur
492 3450 549 3506 hoc
566 3452 698 3518 Gauius
720 3454 755 3506 ab
766 3452 849 3508 horto
866 3453 897 3506 in
922 3450 999 3506 libro
1016 3455 1071 3506 111.
1091 3468 1252 3506 aromatum
1268 3452 1346 3528 apud
1363 3452 1450 3509 ludos
1468 3454 1649 3510 nascentium
1666 3474 1726 3528 cap.
1746 3449 1792 3509 38.

195 3564 245 3638 qui
262 3561 338 3618 liber
363 3582 381 3618 a
409 3565 514 3619 Carolo
537 3565 634 3639 Clusio
659 3565 731 3621 latio
747 3564 869 3620 donatus
887 3567 1015 3639 primum
1033 3565 1154 3651 lulitano
1170 3566 1300 3619 sermone
1316 3565 1426 3640 prodiit
1445 3565 1526 3622 Goae
1542 3570 1574 3622 in
1601 3567 1685 3622 india
1712 3568 1793 3624 1563.

188 3675 262 3750 104.
280 3674 332 3731 tub
350 3676 439 3732 titulo
455 3675 626 3751 Colloquios
643 3677 694 3733 (los
712 3678 823 3754 fimples
847 3698 862 3733 e
882 3679 978 3734 causas
994 3674 1164 3734 medicinalis
1180 3677 1215 3734 de
1229 3677 1319 3733 India
1343 3696 1395 3752 per
1415 3678 1529 3736 Garzia
1547 3679 1639 3735 dorta.
1659 3703 1682 3733 ν.
1701 3683 1792 3757 Digg.
1908 3689 1910 3694 '

188 3787 319 3863 Barbosa
335 3789 471 3846 Mahedo
488 3787 632 3852 Bibliodr.
649 3789 738 3847 Lulit.
757 3793 793 3850 T.
803 3808 828 3846 2.
850 3812 878 3867 p.
891 3793 953 3848 325.
1054 3793 1055 3798 ’

279 3977 312 4047 5)
331 3976 486 4033 Perfectum
502 3979 579 4052 quali
594 3978 690 4034 ideam
708 3978 987 4056 typographicarurn
1003 3978 1163 4034 litterarum
1182 3983 1242 4035 iam
1268 3981 1432 4036 Ciceronem
1458 3987 1523 4036 ante
1549 3981 1649 4036 oculos
1667 3980 1795 4036 habuiffe

189 4090 254 4161 quis
278 4086 408 4146 dubitet?
425 4110 492 4146 eum
511 4107 611 4148 contra
623 4091 774 4149 fortuitam
800 4111 963 4150 atomorum
991 4094 1204 4149 concursionem
1222 4092 1300 4149 libro
1318 4108 1345 4150 2.
1372 4113 1396 4149 c.
1414 4096 1459 4166 37.
1484 4093 1518 4146 de
1535 4109 1639 4148 natura
1661 4096 1793 4149 Deorum

182 4198 336 4256 scriberett
360 4222 411 4257 cur
426 4223 485 4259 non
506 4205 584 4260 idem
598 4206 744 4283 Epicurus
771 4224 868 4282 putet,
896 4208 916 4262 11
939 4205 1165 4263 innumerabiles
1181 4208 1268 4262 unius
1292 4222 1320 4262 et
1337 4207 1448 4281 viginti
1473 4206 1583 4297 formae
1596 4207 1795 4281 ⁸litterarum,

183 4314 233 4370 vel
251 4334 372 4382 aurae,
389 4316 438 4372 vel
455 4317 643 4397 qualeslibet,
660 4321 760 4394 aliquo
786 4324 1000 4403 conjiciantur,
1016 4294 1095 4398 polle
1118 4341 1153 4376 ex
1168 4321 1207 4376 iis
1223 4321 1255 4374 in
1273 4335 1379 4375 terram
1397 4318 1532 4386 excullis,
1552 4321 1678 4377 Annales
1688 4321 1793 4388 Ennii,

183 4444 217 4485 ut
233 4427 365 4505 deinceps
383 4429 445 4505 legi
460 4430 585 4506 possint,
603 4429 702 4489 effici?

279 4618 313 4691 4)
332 4618 495 4674 Leibnitius
516 4618 549 4675 in
566 4619 643 4676 libro
658 4620 769 4678 inedito
786 4625 1024 4701 Antiplagiarius
1040 4624 1152 4700 optima
1171 4641 1236 4680 cum
1254 4626 1368 4681 ratione
1384 4623 1497 4692 definit,
1514 4624 1729 4702 typographiae
1745 4628 1788 4682 iu-

182 4745 303 4788 ventum
320 4730 464 4789 conlillere
480 4735 513 4790 in
525 4733 690 4791 solutilibus
706 4740 804 4814 typis,
822 4739 891 4800 dum
907 4737 1033 4816 lingulae
1050 4735 1164 4795 litterae
1187 4741 1321 4816 proprias
1344 4737 1452 4796 habent
1474 4738 1581 4795 formas
1598 4775 1607 4808 ‚
1635 4758 1708 4814 quae
1734 4759 1787 4822 pro

181 4831 304 4902 &bitrio
323 4849 456 4926 componi
475 4863 502 4906 et
518 4848 615 4908 dividi
630 4850 753 4929 poliunt.
