4320 5700
658 618 897 680 emmens
924 616 1310 680 BIBLIO'GRAPHICUS.
1336 615 1489 677 Mnxrt.
1836 625 1881 702 79

274 799 446 901 amplius
464 797 650 898 imprella.
678 800 777 874 Cum
796 799 917 899 gratia
940 817 979 873 et
1003 798 1216 899 privilegio.
1234 811 1324 872 cum
1347 798 1458 872 icone
1476 796 1674 897 limboque
1687 794 1735 869 'in
1751 795 1879 871 fronte

278 921 343 994 fol.
362 918 445 992 eod.
467 917 504 992 b.
523 919 683 993 Domitii
698 918 914 991 Chaldenni
928 918 1092 1017 Epistola
1108 916 1158 990 ad
1177 917 1307 990 Ludna.
1328 915 1544 1016 principem
1560 915 1814 991 Mantuanum
1831 956 1879 975 -

278 1036 344 1114 fol.
370 1064 399 1110 1.
414 1035 597 1111 tabula·-
614 1034 680 1109 [οΙ.
706 1035 739 1109 8.
756 1035 854 1110 liber
873 1035 1081 1135 primus-
1099 1033 1163 1107 [01.
1196 1038 1275 1132 149.
1299 1034 1363 1108 lin.
1391 1033 1612 1134 imprellum
1634 1035 1790 1107 Vcnctr'is
1810 1060 1881 1133 per

281 1155 491 1252 Gregorziim
516 1169 555 1227 et
577 1153 801 1252 Busconibus
826 1150 1149 1229 Mediolanensem
1174 1154 1290 1227 Anno
1314 1153 1475 1227 Domini
1501 1154 1554 1226 M.
1565 1152 1612 1224 D.
1624 1152 1724 1226 XlV.
1751 1151 1812 1229 die
1832 1156 1881 1226 V.

281 1256 531 1346 Octobris.-
545 1270 688 1371 inclyto
705 1273 896 1345 leonardo
919 1272 1109 1345 Loredano
1128 1273 1257 1345 Vener.
1277 1268 1506 1344 serenillimo
1531 1270 1641 1343 Duce
1656 1269 1880 1370 imperante.

279 1389 492 1488 Registrum
511 1390 623 1463 Char.
641 1391 702 1465 lat.
723 1391 868 1488 majusc.
889 1390 928 1462 in
943 1406 1052 1464 textu
1070 1387 1160 1462 min.
1183 1387 1224 1460 in
1240 1403 1447 1461 comment.
1466 1387 1600 1486 glollae
1621 1387 1778 1486 margin.
1800 1387 1880 1461 foll.

283 1514 364 1608 ¹49·
385 1507 473 1608 lign.
495 1507 534 1611 in
551 1523 635 1581 toto
658 1510 736 1582 151.
759 1508 822 1581 lin.
843 1508 1084 1595 1111011046.
1105 1506 1145 1578 in
1165 1521 1368 1580 comment.
1390 1508 1448 1579 62.
1471 1505 1495 1578 f.

471 1645 575 1703 Editio
591 1645 741 1721 splendida
758 1648 790 1703 in
808 1646 1017 1703 recenlionibus
1033 1661 1130 1701 tamen
1145 1643 1351 1715 Analystarum
1370 1643 1518 1718 hucusque
1534 1662 1593 1699 uon
1609 1643 1748 1699 exhibita.

372 1814 515 1889 230.-
537 1813 621 1914 Caji
635 1817 743 1889 Plini
751 1813 922 1913 ficundi
935 1813 1145 1912 Veronensis
1169 1817 1352 1889 naturalis
1375 1814 1550 1913 hisdonne
1568 1813 1655 1885 libri
1673 1812 1882 1888 XXXVll.

280 1932 452 2032 diligenti
468 1932 677 2006 admodum
692 1934 840 2007 labore:
860 1934 1129 2033 pervigiliique
1150 1960 1242 2008 cura
1263 1959 1400 2032 nuper,
1423 1958 1495 2007 nec
1511 1947 1622 2006 antea
1644 1932 1683 2003 in
1702 1932 1800 2006 alma
1818 1932 1887 2006 Pa-

276 2049 965 2131 111101111110011010110111011111110101
989 2051 1153 2150 imprelli
1182 2067 1296 2151 atque
1320 2051 1507 2149 recogniti
1529 2094 1579 2109 -
1595 2049 1721 2147 infign.
1742 2050 1885 2123 Biblio-

278 2168 391 2266 polae
408 2192 497 2240 cum
515 2166 621 2240 inser.
636 2168 763 2241 Franc.
776 2168 962 2265 Regnavit
980 2185 1018 2241 et
1037 2168 1136 2242 infra
1146 2210 1190 2225 -
1207 2168 1325 2267 quiin
1339 2168 1495 2242 aedibus
1511 2166 1888 2265 Franciscillegnauit

279 2283 450 2357 eiusdem
465 2282 694 2357 Academiae
709 2268 947 2383 Bibliopolae
972 2285 1114 2360 venalis
1136 2288 1313 2386 prostant.
1331 2329 1382 2343 -
1397 2285 1559 2360 Haecin
1581 2285 1708 2359 fronte
1725 2284 1886 2386 splendi-

278 2401 328 2475 do
344 2399 463 2474 limbo
480 2416 624 2475 ornata.
642 2444 692 2459 -
708 2402 891 2502 Sequitur
907 2402 985 2477 vita
1004 2403 1126 2476 Plinii
1146 2418 1184 2477 et
1201 2401 1328 2475 tabula
1352 2403 1430 2477 foll.
1455 2429 1510 2501 ¹9·
1532 2428 1612 2476 non
1633 2402 1780 2501 fign-
1796 2403 1888 2478 dein

278 2518 342 2593 fol.
360 2518 456 2591 liber
474 2517 667 2592 secundus.
688 2562 739 2577 -
766 2517 829 2593 [01.
856 2522 938 2594 161.
967 2521 1113 2609 linio.
1141 2520 1298 2595 Habetis
1323 2520 1440 2621 igitur
1459 2520 1715 2596 humanarum
1742 2522 1885 2595 artium

279 2635 504 2709 fautores-
521 2635 617 2709 hanc
648 2637 838 2736 plinianae
866 2638 1062 2737 majestatis
1090 2637 1281 2736 egregiam
1303 2637 1512 2712 editionem
1539 2664 1628 2712 cum
1657 2638 1885 2739 quibusdam

277 2753 474 2825 Hermolai
487 2753 650 2826 Barbari
663 2753 992 2843 morationibus,
1017 2783 1089 2830 nec
1112 2781 1191 2828 non
1209 2756 1377 2854 parvulis
1401 2781 1473 2829 nec
1491 2755 1617 2829 minus
1640 2755 1798 2829 utilibus
1815 2755 1884 2828 llo-v

276 2869 469 2944 [culorum
488 2872 782 2970 appendicibus,
806 2901 903 2974 quae
922 2874 1051 2948 omnia
1070 2872 1270 2971 Parrhisiis
1294 2873 1341 2947 ab
1366 2873 1514 2973 optimo
1537 2872 1800 2972 Calcographo
1816 2873 1883 2945 Ni-

277 2990 383 3062 colao
409 2987 455 3061 de
479 2988 603 3060 Pratir
626 2990 836 3064 emunctim
860 2990 987 3066 rorlua
1019 2992 1192 3067 eduntur.
1223 2993 1337 3065 Anno
1365 2988 1491 3064 salutis
1516 2971 1742 3067 M.D.XlV.
1772 2990 1881 3065 dibus

276 3105 443 3179 Junii-
462 3106 666 3204 Epigrama
687 3109 767 3184 Nic.
785 3109 969 3214 Mailiard
983 3137 1072 3184 cum
1093 3091 1247 3183 disticho
1266 3109 1385 3182 Zollii
1399 3107 1445 3182 ad
1461 3107 1578 3183 linem
1598 3107 1710 3185 Char.
1735 3109 1797 3183 lat.
1815 3137 1883 3183 ve-

275 3226 369 3297 nust.
388 3221 523 3321 glollae
540 3225 656 3321 marg.
677 3225 753 3298 foll.
773 3225 860 3322 lign.
880 3228 965 3315 161.
984 3226 1024 3300 in
1040 3243 1122 3301 toto
1141 3255 1222 3325 177.
1242 3227 1305 3300 lin.
1323 3227 1380 3300 55.
1407 3226 1431 3300 fi

472 3360 601 3416 Panaeti
616 3361 722 3416 Annal.
741 3363 873 3437 Typogr.
895 3365 931 3419 Τ.
950 3359 978 3419 8.
995 3384 1024 3440 p.
1044 3385 1086 3440 17.
1104 3367 1142 3421 N.
1159 3381 1223 3440 712.

371 3551 511 3626 131-
532 3555 730 3652 Catalogus
747 3555 954 3628 Sanctorum
971 3573 1006 3630 et
1022 3557 1199 3656 gestorum
1220 3584 1355 3631 eorum
1377 3574 1424 3630 011
1448 3555 1599 3631 diversis
1618 3555 1892 3631 voluminibus·

279 3669 479 3759 collectus,
496 3667 619 3746 editus
643 3700 666 3747 a
691 3674 902 3747 Reverend.
931 3675 972 3747 in
990 3675 1136 3748 Christo
1164 3677 1276 3779 Patre
1296 3674 1466 3748 Domino
1493 3674 1598 3748 Petro
1617 3675 1663 3748 de
1686 3674 1882 3747 Natalibus

279 3788 326 3860 de
348 3787 523 3874 Veneriis,
541 3790 600 3864 dei
617 3791 737 3890 gratia
756 3790 943 3892 Episcopo
967 3792 1147 3892 Equilino
1167 3793 1216 3864 X.
1238 3836 1284 3850 -
1302 3794 1406 3866 Haec
1425 3793 1464 3865 in
1486 3793 1613 3867 fronte
1638 3817 1727 3865 cum
1749 3791 1879 3889 infign.

275 3905 416 3978 lillii-
432 3906 496 3981 [01.
514 3907 597 3981 eod.
613 3909 648 3982 b.
668 3908 831 4010 Epistola
847 3910 932 3982 Ant.
956 3910 1106 3981 Verli-
1123 3909 1186 3982 [01.
1205 3924 1286 3997 141.
1303 3937 1382 3983 non
1400 3910 1486 4009 llgn.
1502 3909 1565 3983 lin.
1583 3911 1641 3982 58.
1661 3907 1882 4008 imprellum

277 4023 452 4120 Lugduni
467 4052 536 4124 per
552 4014 665 4099 Jacob
689 4029 826 4117 Scyron
853 4030 969 4101 Anno
985 4007 1144 4099 Domini
1173 4027 1378 4114 Milelimo,
1406 4024 1704 4127 quingenteslmo
1732 4023 1882 4100 decimo

279 4156 417 4239 quarto
439 4141 499 4215 die
514 4170 607 4217 vero
626 4171 728 4221 nona
742 4145 876 4220 menits
892 4144 1127 4220 Decembris.
1155 4143 1378 4243 Registrum.
1397 4145 1509 4217 Char.
1530 4143 1634 4241 goth.
1651 4167 1739 4217 cum
1751 4142 1881 4240 liguris

277 4273 319 4330 et
338 4255 409 4330 litt.
429 4257 560 4332 initial.
576 4260 706 4336 incisis.
725 4253 900 4352 [011141.
924 4264 1009 4363 lign.
1029 4264 1070 4336 in
1085 4278 1168 4337 toto
1185 4269 1268 4351 144.
1284 4261 1347 4334 lin.
1365 4262 1423 4334 68.
1450 4261 1474 4333 f.

468 4398 599 4454 Panzeri
606 4401 709 4457 Annal.
728 4403 860 4479 Typogr.
879 4405 913 4458 T.
923 4426 949 4478 7.
968 4425 997 4480 p.
1008 4405 1070 4460 305.
1090 4403 1127 4457 N.
1138 4413 1203 4476 140.
1223 4400 1328 4456 confer.
1347 4402 1385 4458 N.
1395 4399 1527 4476 praeced.
1544 4395 1608 4457 208.

370 4585 655 4662 ada-Decem
665 4592 835 4666 librorum
850 4597 1041 4668 moralimn
1059 4593 1264 4689 Aristotelii
1273 4607 1351 4667 tres
1369 4592 1651 4667 converfioneo:
1670 4590 1799 4664 Prima
1808 4589 1879 4660 Ar-

272 4706 459 4804 gyropoli,
477 4704 639 4783 secunda
662 4711 850 4784 Leonardi
869 4713 1030 4800 Aretrni,
1053 4711 1164 4787 tertia
1178 4738 1272 4787 vero
1290 4710 1445 4811 antiqua
1458 4737 1529 4811 per
1548 4709 1672 4808 capita
1691 4724 1728 4780 et
1744 4730 1878 4777 nume-

275 4845 340 4895 ros
353 4823 554 4903 conciliate
571 4829 765 4908 communi
784 4829 1035 4932 familiarique
1055 4831 1332 4907 commentario
1349 4857 1370 4904 a
1387 4827 1633 4929 Argyrophilo
1650 4823 1795 4923 adjecto
1809 4852 1879 4899 :-
