4320 5700
277 553 319 626 ιδ
674 573 913 633 cananaeus
940 575 1314 634 nrauoonarnrcus
1339 574 1465 633 num.

220 730 224 745 ²
267 761 447 821 tractatus
462 748 500 820 in
517 749 657 825 librum
673 753 856 827 Judicum
869 756 1027 826 Wnetiis
1037 755 1076 826 in
1088 755 1243 830 aedibus
1263 755 1434 829 Aterno.
1455 750 1583 825 Mense
1601 750 1713 825 Febr.
1724 753 1880 829 MDIIl.

269 862 412 963 infigue
431 865 690 966 Typograpbi.
715 871 825 944 Char.
847 897 942 945 rom.
961 871 1097 972 splend.
1118 873 1195 947 foll.
1220 873 1298 946 182.
1321 871 1407 971 lign.
1426 870 1490 943 lin.
1507 872 1564 942 55.
1579 869 1606 942 f.

461 1005 591 1060 Panzeri
607 1008 712 1062 AunaL
734 1011 866 1084 Typogr.
885 1012 919 1066 Τ.
930 1007 957 1065 8.
976 1031 1005 1085 Ρ.
1015 1010 1077 1078 362.
1098 1012 1136 1066 N.
1150 1013 1212 1086 ¹9³³
1231 1013 1311 1066 Seria
1329 1009 1395 1064 dall'
1413 1008 1543 1064 editioni
1559 1005 1666 1062 altine
1680 1026 1711 1082 p.
1723 1023 1770 1076 23.
1784 1008 1825 1064 N.
1840 1019 1882 1065 n.

553 1096 596 1153 ibi
615 1102 740 1155 occurrit
761 1105 932 1170 annotatio,
958 1122 1108 1158 numerum
1133 1102 1272 1159 loliorum
1297 1103 1354 1158 fine
1369 1103 1465 1178 primo
1490 1118 1551 1157 non
1576 1101 1687 1176 fignato
1716 1097 1883 1168 οΠο.,.ι8ι.

554 1189 610 1245 hoc
628 1193 722 1265 igitur
739 1194 942 1267 comprehenso
956 1188 1062 1248 -18n

365 1379 421 1466 45.
435 1423 481 1438 -
499 1376 684 1478 Baptistae
702 1379 902 1452 Mantuani
916 1379 1111 1469 Bucolico,
1141 1383 1204 1456 seu
1223 1382 1470 1457 adolescentia
1489 1384 1528 1456 in
1553 1380 1686 1456 decem
1705 1383 1887 1483 aeglogas
1947 1375 1954 1385 ’

271 1493 395 1570 divisa.
415 1495 474 1567 Ab
499 1497 632 1569 Jodoco
654 1498 775 1569 Badio
800 1483 970 1594 Ascebsio
999 1499 1235 1574 familiariter
1262 1499 1444 1598 exposita:
1474 1526 1562 1573 cum
1593 1499 1717 1573 indice
1748 1500 1886 1576 dictio-

271 1637 376 1684 num.
393 1653 436 1670 -
457 1613 622 1687 Carmen
639 1615 809 1688 eiusdem
835 1615 880 1688 de
901 1614 1028 1690 sancto
1056 1617 1226 1691 Johanne
1246 1617 1421 1716 Baptito.
1438 1658 1484 1675 -
1500 1616 1686 1714 Dialogus
1708 1617 1887 1692 eiusdem
2014 1621 2018 1629 ’

271 1729 320 1802 de
337 1730 416 1803 vita
432 1730 550 1804 beata.
567 1773 606 1789 -
629 1734 837 1805 Hemtonm'
849 1730 1002 1829 Buschii
1018 1734 1104 1808 Oda
1128 1735 1174 1808 de
1195 1733 1476 1808 contemnendo
1496 1733 1642 1809 mundo
1667 1748 1705 1807 et
1723 1734 1888 1811 amanda

272 1843 349 1920 sola
370 1845 512 1921 virtute
529 1863 567 1921 et
585 1847 737 1923 seientia
755 1893 801 1905 »-
818 1849 923 1923 Haec
951 1851 990 1923 in
1014 1849 1139 1925 fronte
1160 1877 1248 1925 cum
1271 1849 1492 1924 decatotico
1524 1850 1564 1923 in
1580 1850 1755 1949 aeglogas
1771 1852 1884 1924 Maia·-

267 1966 441 2036 tuom‘.-
459 1964 522 2038 fol.
544 1967 602 2039 82.
621 1966 682 2040 lin.
704 1995 761 2064 27.
775 1977 890 2052 Τελος.
903 2008 951 2027 -
965 1968 1107 2042 Denuo
1128 1968 1343 2066 castigatum
1363 1967 1547 2066 impreffit
1571 1968 1764 2040 Johannes
1785 1968 1888 2042 Prti’s

275 2080 368 2154 civis
389 2082 622 2180 Argentinus
640 2083 678 2157 in
701 2086 854 2159 aedibus
873 2088 963 2157 Zum
987 2085 1234 2181 Tbiergorten.
1259 2085 1370 2158 Char.
1394 2085 1497 2184 goth.
1519 2082 1642 2184 glollis
1664 2111 1783 2187 marg.
1807 2087 1885 2161 foll.

276 2197 362 2297 fign.
377 2199 471 2274 80.
460 2226 499 2273 m
516 2215 601 2275 toto
617 2203 675 2276 88.
700 2203 845 2276 Textus
867 2203 929 2276 lin
949 2203 1007 2275 26.
1026 2203 1241 2299 Comment.
1263 2204 1320 2300 39.
1348 2209 1381 2291 4.

468 2336 618 2392 Panzerus
605 2341 673 2393 sin
699 2342 744 2394 An
747 2341 804 2394 nal
824 2341 955 2415 Typogr.
982 2339 1017 2393 T.
1037 2337 1064 2392 6.
1082 2337 1133 2393 tol.
1153 2354 1198 2415 29.
1218 2341 1257 2398 N.
1274 2340 1319 2398 26.
1345 2344 1462 2398 Annum
1483 2342 1562 2410 1503.
1586 2340 1734 2417 defigunt,
1751 2359 1840 2417 quem
1857 2344 1889 2398 in

571 2449 635 2489 meo
653 2432 810 2506 exemplari
828 2432 985 2508 expteffum
1003 2447 1064 2486 non
1081 2432 1214 2488 invenio.

992 2646 1175 2722 M.D.IV.

375 2773 489 2862 tt·
513 2769 630 2868 Opera
657 2767 815 2840 loannis
841 2764 944 2837 Pici:
971 2767 1203 2839 dbiandolae
1230 2764 1391 2839 Comitis
1417 2767 1645 2842 concordiae
1671 2767 1890 2842 litterarum

276 2889 461 2994 principis
482 2885 679 2962 novillime
697 2898 869 2958 accurate
890 2880 1010 2955 revisa
1028 2882 1173 2981 (addito
1191 2883 1356 2980 generali
1376 2882 1487 2981 super
1504 2885 1684 2958 omnibus
1700 2911 1893 2960 memora·

274 3025 321 3087 tu
345 3007 466 3105 dignis
483 3004 640 3103 regesto)
655 3026 970 3105 quarumcunque
990 2998 1212 3073 facultatum
1223 2999 1582 3098 profelloribustam
1593 3001 1759 3087 iucunde
1776 3005 1895 3104 quarn

274 3125 448 3225 proficua
462 3161 508 3177 -
523 3123 681 3195 Joanm's
699 3116 1185 3216 Picth'ranlloloevitaper
1195 3119 1374 3190 Joanncm
1384 3118 1770 3194 Fraacaeocumillustris
1786 3120 1894 3220 prin·

276 3239 372 3342 cipis
394 3238 556 3311 Galeottz'
569 3237 780 3312 Picifi'lium
796 3234 1060 3336 elegantillime
1073 3233 1282 3334 conscripta
1301 3251 1369 3309 etc.
1389 3261 1477 3308 cum
1496 3235 1729 3312 indicatione
1745 3238 1894 3338 septen-

279 3358 403 3435 decim
420 3353 707 3429 clarillimorum
728 3355 921 3439 virorum,
942 3354 1295 3452 quorum-epistolae
1312 3354 1402 3426 huic
1418 3353 1604 3426 volumini
1625 3354 1784 3430 insertae
1797 3357 1894 3430 sunt.
1932 3398 1935 3402 ‡

149 3504 152 3511 ·
280 3473 502 3549 -Haecin
522 3474 706 3546 fronte-
721 3470 784 3543 fol.
803 3469 938 3544 eodem
961 3469 993 3542 8.
1014 3466 1157 3563 Emsdrt'
1164 3470 1325 3568 Epistola
1336 3469 1382 3543 ad
1394 3471 1500 3543 Joan.
1511 3470 1610 3543 Prz‘z‘s
1620 3472 1898 3570 Registrum-

281 3594 344 3670 fol.
373 3622 401 3667 1.
423 3592 555 3691 incipit
571 3590 792 3689 Heptaplus.
818 3631 868 3645 -
886 3588 948 3662 fol.
975 3587 1058 3660 216.
1075 3585 1137 3658 lin.
1161 3588 1218 3675 48.
1239 3586 1513 3686 disputationes
1533 3589 1600 3662 has
1624 3590 1785 3662 Joonm's
1811 3589 1901 3663 Pici

262 3714 515 3811 ‘dbiandolae
535 3707 771 3783 Concordiae
791 3706 951 3781 Comitis
968 3706 1181 3780 litterarum
1199 3704 1386 3804 Principis
1405 3704 1580 3779 adversus
1599 3706 1820 3807 Astrologos
1837 3706 1897 3780 di·

278 3834 440 3935 ligenter
470 3825 659 3928 *imprellit
687 3825 886 3900 industrius
918 3824 1082 3900 Joannes
1118 3821 1217 3894 Pni's
1243 3822 1336 3896 civis
1370 3823 1588 3921 argentinus
1620 3824 1736 3898 Anno
1766 3824 1894 3900 salutis

281 3955 334 4029 Μ.
347 3949 521 4027 CCCCC.
534 3949 615 4021 llll.
636 3945 696 4019 die
715 3970 808 4021 vero
828 3943 907 4020 XV.
917 3938 1061 4017 Marcii.
1076 3938 1187 4014 Char.
1199 3939 1359 4039 gotb-
1371 3939 1431 4012 lat.
1445 3938 1579 4038 glollae
1590 3941 1748 4041 margin.
1761 3942 1890 4043 Epigr.

282 4070 360 4145 foll.
378 4069 463 4168 fign.
486 4069 567 4141 216.
585 4064 647 4139 lin.
665 4069 723 4164 49.
745 4062 768 4138 f.

477 4207 605 4262 Panzcri
620 4203 725 4261 Annal.
746 4204 876 4281 Typogr.
896 4202 931 4258 T.
941 4199 967 4258 6.
986 4220 1013 4277 Ρ.
1024 4215 1069 4268 31.
1088 4199 1126 4256 N.
1137 4209 1181 4273 4ο.
1201 4197 1342 4252 Moiteatr
1353 4199 1390 4250 ΙΙ.
1408 4215 1436 4270 Ρ.
1449 4205 1509 4269 144.

381 4396 695 4495 47.-Habentur
708 4396 778 4468 boc
794 4393 971 4467 volumine
990 4390 1091 4464 haec.
1115 4375 1300 4459 Theodoro
1322 4384 1425 4455 Gaza
1444 4383 1671 4485 interprete:
1689 4383 1897 4480 Aristotele&
1923 4425 1930 4429 ·

287 4513 484 4590 denatura
501 4512 720 4590 animalium
739 4511 823 4584 libri
848 4510 914 4583 IX.
928 4548 974 4564 -
991 4506 1171 4581 Eiusdem
1184 4502 1229 4575 de
1248 4499 1417 4600 partibus
1431 4502 1650 4577 animalium
1667 4503 1755 4579 libri
1776 4506 1833 4577 IV.
1844 4544 1897 4561 -

287 4635 468 4712 Eiusdem
486 4635 532 4709 de
552 4615 795 4733 generatione
817 4625 1036 4702 animalium
1059 4622 1145 4695 libri
1168 4623 1207 4692 V.
1231 4660 1277 4676 -
1300 4618 1539 4719 Theophrasti
1555 4620 1770 4696 de'h'illoria
1785 4623 1895 4722 plan·

290 4768 416 4832 tarum
428 4753 520 4831 »libri
538 4751 667 4832 tx.-
684 4764 721 4824 et
739 4744 873 4824 decimi
891 4739 1125 4846 principium
1139 4735 1377 4815 duntaxat·
1395 4736 1576 4816 Eiusdem
1595 4737 1641 4814 de
1652 4740 1767 4818 caulis
1788 4739 1897 4842 plan·
