4320 5700
689 591 929 664 cnrsuocus
955 601 1330 663 sionocmrmcus
1355 593 1459 660 nov.
1823 587 1870 661 23

359 773 416 880 57.
434 825 483 841 -
502 784 544 856 sn
565 779 764 883 Epistulam
779 783 857 857 divi
873 784 1098 883 Hyeronymi
1113 783 1159 858 ad
1176 784 1320 859 Nitiam
1337 779 1595 883 aquilegiensis
1616 780 1787 855 eccleslae
1800 782 1870 881 hy·

262 903 520 1004 podiaconum
543 902 845 976 commentarioli
861 901 937 975 duo
956 900 1116 974 Domini
1133 902 1290 975 Joonnis
1306 901 1507 984 Murmelii,
1529 899 1567 972 in
1586 898 1723 999 quibus
1745 900 1869 997 plera·
1951 976 1953 981 ,

263 1048 338 1121 que
353 1020 556 1094 traduntur
575 1020 778 1094 scribendis
800 1020 991 1119 eleganter
1012 1019 1173 1118 epistolis
1190 1019 1327 1093 idonea
1341 1035 1409 1092 etc.
1435 1044 1482 1091 ex
1505 1015 1676 1116 Epistolis
1697 1016 1868 1090 eiusdem

262 1137 340 1213 divi
348 1138 566 1237 Hieronymi
577 1137 739 1211 fideliter
757 1136 914 1211 selectae
926 1135 1118 1210 orationes
1133 1179 1175 1193 -
1189 1162 1277 1209 cum
1289 1136 1437 1209 duobus
1454 1135 1614 1207 distichis
1631 1134 1670 1205 in
1682 1133 1870 1208 fronte.-

260 1254 325 1328 sol.
342 1261 394 1344 14.
419 1255 481 1327 lin.
504 1261 557 1343 14.
581 1254 801 1355 impressum
819 1258 867 1328 est
889 1255 962 1328 hoc
993 1251 1217 1353 opusculum
1236 1255 1400 1327 coloniae
1424 1253 1464 1325 in
1481 1251 1693 1352 praenobili
1714 1251 1870 1325 officina

261 1372 451 1447 librorum
470 1372 807 1473 Henn'ciQuentell
832 1374 946 1446 Anno
969 1370 1104 1471 quinto
1128 1367 1240 1471 supra
1264 1370 1496 1452 milesimum
1513 1368 1870 1469 quingentesimum.

263 1486 374 1565 Char.
397 1490 501 1589 goth.
522 1490 656 1563 minut.
674 1489 750 1564 foll.
772 1497 824 1579 14.
842 1489 904 1563 lin.
925 1496 983 1578 41.
1000 1495 1034 1577 4.

450 1629 581 1683 Ponzeri
597 1627 704 1681 Annal.
726 1628 857 1702 Typogr.
880 1628 914 1681 T.
925 1624 952 1682 6.
974 1646 1003 1701 p.
1023 1624 1085 1682 356.
1106 1625 1144 1682 N.
1155 1620 1200 1700 78.

352 1795 411 1869 58.
432 1837 483 1854 -
496 1792 684 1894 Expositto
699 1793 858 1866 Umbem·
871 1793 1055 1893 generalis
1071 1793 1402 1894 Magistriordinis
1419 1780 1664 1893 predicatorii
1680 1794 1792 1895 super
1808 1822 1866 1871 re·

260 1913 384 2012 gulam
396 1911 503 1986 ⁸beati
521 1910 718 2010 Augustini
731 1910 906 2011 Episcopi
923 1952 973 1968 -
990 1911 1181 2009 Exposltio
1201 1913 1369 2010 Hugonis
1387 1913 1433 1985 de
1451 1909 1576 1986 sancto
1603 1914 1738 1987 Victore
1757 1913 1871 2014 super

260 2029 420 2105 eandem
435 2030 606 2128 regulam
629 2030 666 2103 S.
686 2029 887 2127 Augustini.
903 2070 952 2086 -
972 2028 1076 2102 Haec
1099 2030 1139 2101 in
1160 2029 1300 2104 fronte,
1327 2072 1377 2088 -
1402 2029 1466 2102 fol.
1486 2030 1549 2103 lin.
1571 2031 1655 2103 finit
1682 2031 1865 2129 expositio

263 2147 424 2219 umbem·
446 2147 693 2244 generalis-
717 2145 830 2246 super
847 2147 1032 2243 Regulam
1051 2145 1152 2221 beati
1179 2144 1377 2245 Augustini
1397 2144 1592 2247 Episcopi:
1622 2147 1797 2246 impressa
1826 2148 1867 2222 in

259 2263 448 2365 imperiali
468 2262 611 2362 oppido
630 2263 817 2361 Hagenou
835 2265 950 2336 Anno
967 2261 1093 2336 salutis
1116 2265 1217 2336 1505.
1237 2308 1283 2323 -
1312 2264 1496 2364 Sequitur
1523 2263 1705 2363 expositio
1734 2266 1868 2364 Hugo-

258 2382 318 2454 nis
335 2381 380 2454 de
396 2380 530 2477 sancto
555 2382 752 2454 Victore-
768 2381 945 2455 adfinem
963 2379 1267 2470 fol,118.·1in.24.
1286 2380 1478 2480 Exposltio
1491 2383 1660 2479 Hugonis
1679 2380 1725 2455 de
1738 2384 1871 2476 sancto
1962 2409 1965 2415 ·

264 2500 400 2575 Victore
418 2498 529 2598 super
546 2499 731 2597 Regulam
754 2498 856 2571 beati
872 2499 1070 2597 Augustini
1084 2526 1160 2573 una
1175 2525 1263 2573 cum
1280 2497 1514 2598 exposttioue
1533 2498 1699 2598 Magistri
1721 2499 1867 2607 Umbep-

256 2620 362 2689 ti-
384 2618 583 2715 diligenter
611 2619 810 2692 emendata
836 2646 877 2693 ac
898 2618 1017 2693 revisa
1039 2616 1213 2716 impensis
1237 2613 1390 2716 providi
1415 2616 1574 2725 Joonnis
1598 2616 1795 2716 Rynmonn
1823 2616 1869 2693 de
1953 2643 1954 2646 ’
2087 2623 2091 2629 ’

264 2735 433 2829 Oringon
451 2734 491 2807 in
505 2734 692 2834 imperiali
715 2736 859 2835 oppido
885 2737 1072 2834 Hagenow
1091 2760 1161 2833 per
1185 2732 1409 2812 industrium
1430 2735 1625 2806 Henricum
1651 2735 1751 2806 Gran
1772 2734 1867 2808 inibi

259 2850 423 2925 incolam
445 2850 619 2950 imprelsa
636 2851 720 2923 finit
747 2851 907 2926 feliciter
927 2847 1042 2926 Anno
1060 2851 1230 2951 Virginei
1253 2866 1385 2950 partus
1408 2852 1511 2924 1506.
1538 2849 1663 2951 pridie
1690 2852 1862 2928 calendas

256 2966 374 3042 Junii.
399 2967 501 3041 Char
519 2968 819 3066 goth..-minutils.
837 2967 914 3042 foll.
935 2970 1013 3070 139.
1033 2995 1112 3044 non
1131 2958 1277 3069 slgnata.
1296 2968 1359 3042 lin.
1381 2974 1440 3057 41.
1458 2973 1492 3056 4.

448 3108 580 3163 Ραηιενί
594 3106 701 3163 Annal.
720 3108 853 3184 Typogr.
874 3110 909 3163 Τ.
920 3128 947 3183 7.
964 3129 994 3185 p.
1004 3128 1049 3184 7⁰⁴
1068 3109 1107 3167 N.
1118 3110 1162 3165 31.

357 3277 415 3371 59.
433 3314 480 3330 —
499 3274 832 3372 Magistn'Antonii
845 3277 1026 3350 Trombete
1039 3278 1079 3351 in
1095 3293 1299 3352 tractatum
1316 3264 1590 3379 formalitatum
1607 3264 1861 3354 Scotisenten·

256 3395 312 3469 tia
325 3435 375 3453 -
389 3391 638 3467 formalitates
656 3393 815 3466 Antonii
830 3396 950 3492 Syreti
962 3396 1007 3469 de
1026 3411 1153 3468 mente
1170 3394 1341 3468 eiusdem
1359 3396 1473 3479 Scoti,
1497 3421 1567 3469 nec
1588 3383 1669 3470 nori
1685 3397 1865 3497 Stephani

259 3508 535 3607 Bierlisercum
552 3509 663 3583 novis
679 3511 936 3586 additionibus
957 3528 995 3586 et
1012 3511 1292 3586 concordantiis
1310 3511 1475 3611 Magistri
1494 3513 1669 3586 Moun'cii
1681 3514 1860 3615 Hybemi·

254 3634 292 3704 ci
310 3630 349 3702 in
368 3627 539 3726 margine
562 3627 750 3703 decorate.
771 3670 814 3685 ·-
836 3630 996 3704 Haecin
1014 3631 1140 3705 fronte
1159 3669 1208 3689 -
1235 3629 1298 3701 fol.
1317 3655 1350 3701 2.
1376 3645 1556 3703 tractatus
1586 3630 1881 3706 formalitotumw

256 3746 391 3846 incipit
409 3787 453 3804 -
475 3745 538 3818 lol.
551 3745 608 3818 32.
628 3745 691 3818 lin.
704 3747 991 3846 545expliciunt
1009 3747 1258 3822 formalitotes
1273 3745 1440 3819 doctoris
1458 3745 1603 3820 subtilis
1616 3747 1769 3821 Ioannis
1782 3752 1863 3823 Sco-

256 3867 381 3937 tinec
405 3890 486 3937 non
509 3862 757 3938 formalitates
788 3865 966 3965 Stephani
987 3864 1152 3963 Burliser
1173 3861 1450 3962 diligentissime
1475 3865 1664 3962 castigate,
1688 3893 1732 3938 ac
1751 3866 1862 3940 novis

259 3980 516 4056 additionibus
546 3998 584 4055 et
613 3983 893 4057 concordantiis
920 3982 1095 4058 decorate
1117 4009 1189 4081 per
1211 3983 1254 4054 R.
1282 3997 1433 4081 patrem
1459 3980 1618 4056 fratrem
1648 3982 1867 4084 Maun'ceitm

255 4083 496 4198 Hybemicum
524 4099 669 4173 ordinis
699 4101 789 4173 min.
816 4100 1035 4201 impressum
1062 4101 1217 4173 Venonis
1252 4099 1367 4171 Anno
1393 4096 1552 4170 Domini
1581 4099 1683 4171 1505.
1716 4096 1777 4173 die
1804 4127 1862 4175 22.

259 4215 414 4314 Aprilis.
437 4215 548 4289 Char.
565 4218 668 4314 goth.
690 4218 864 4305 minutiis.
883 4219 983 4319 gloll.
1003 4218 1196 4318 marginal.
1216 4215 1293 4309 soll.
1311 4215 1369 4288 32.
1389 4214 1512 4314 signat.
1534 4214 1596 4290 lin.
1614 4217 1671 4291 68.
1690 4216 1714 4291 f.
1852 4301 1854 4306 ¹

452 4353 580 4410 rameri
598 4355 711 4412 nsunt.>
724 4359 856 4433 rypogs.
876 4353 949 4416 rs.
973 4379 1001 4436 p.
1013 4355 1078 4434 ³78.
1100 4360 1138 4415 N.
1149 4359 1213 4432 ³27·

361 4525 419 4598 60.
430 4566 488 4582 .-
504 4522 889 4626 esaumumoanus
907 4571 951 4590 ..
969 4528 1033 4602 foi.
1055 4555 1082 4602 1.
1102 4526 1289 4628 incipiunt
1303 4524 1438 4600 Psalmi
1459 4567 1506 4583 -
1528 4508 1664 4626 f01.9e.'
1677 4526 1773 4600 n-
1788 4507 1866 4600 nel
1886 4612 1897 4620 v,

147 4724 150 4725 ⁷
264 4641 415 4741 gistrum
432 4637 664 4719 Psdlmarum
682 4688 725 4704 -
743 4647 783 4720 in
800 4648 884 4722 fine.
910 4648 989 4721 153.
1015 4646 1239 4722 Psalterium
1253 4645 1414 4718 Bovillis·
1426 4645 1610 4743 adjunctis
1635 4643 1788 4743 hymnis
1808 4643 1862 4716 fe-

129 4865 131 4868 ⁴
264 4760 386 4837 briem
406 4761 520 4840 habet
535 4765 661 4842 finem.
691 4766 821 4865 Opera
838 4783 876 4843 et
899 4767 1074 4870 impenlls
1093 4762 1429 4842 Metcn'ortotte‘rs
1442 4762 1598 4840 Ducalis
1618 4761 1751 4863 oppidi
1767 4759 1861 4862 Lip-
