4372 5716
289 557 358 632 106
404 560 408 569 '
669 569 909 632 cumoous
934 568 1312 632 umcroonnrmcus
1337 572 1522 655 unuvnr.

248 827 249 830 ,
288 776 344 851 ¹9·
360 751 508 852 Lupfiiie
522 768 571 825 ex
582 748 900 852 officinaprovidi
916 752 988 826 viri
1009 751 1138 826 Iacobt'
1158 703 1305 826 Tanner
1316 755 1431 829 Anno
1444 752 1602 827 Domini
1622 753 1674 826 M.
1686 753 1734 828 D.
1751 750 1895 828 XVlll.

286 895 372 944 curn
394 867 522 966 inlign.
543 882 695 968 typogr.
723 869 835 985 (lhar.
863 871 924 944 lat.
947 871 1024 944 foll.
1048 872 1081 944 8.
1101 898 1178 945 non
1205 871 1291 970 fign.
1312 873 1374 946 lin.
1396 873 1454 946 23.
1474 872 1598 973 spatiis
1617 870 1801 965 interient.
1828 881 1861 960 4.

478 1006 582 1062 Editio
599 1007 749 1082 splendida
763 1023 907 1084 nusquam
924 1009 1081 1066 indicata.-

391 1177 433 1250 3t
444 1205 473 1274 7.
495 1182 544 1235 ·-'·
556 1179 824 1253 Dicu'ouanum
843 1181 947 1280 quod
960 1190 1107 1278 gemma
1120 1176 1344 1279 gemmatum
1363 1197 1520 1257 vocant:
1542 1204 1668 1280 nuper
1685 1180 1901 1281 castigatum

284 1312 410 1372 ete-
432 1295 600 1370 Haecin
621 1296 887 1372 fronte-iol.
929 1300 1005 1386 154.
1036 1299 1070 1371 b.
1094 1298 1156 1372 lin.
1185 1307 1242 1389 24.
1273 1299 1537 1374 vocabularius
1563 1322 1714 1398 gemma
1729 1323 1899 1398 gemmu-

283 1439 371 1488 rum
385 1450 434 1471 ···
449 1413 942 1517 revisus-imprellusque
968 1415 1008 1488 in
1030 1416 1185 1515 Oppido
1214 1419 1399 1515 Haganou
1426 1444 1497 1517 per
1525 1416 1748 1490 industrium
1765 1418 1901 1491 Hann‘-

283 1558 360 1606 cum
378 1533 478 1605 Gran
498 1548 567 1606 etc.
582 1572 629 1591 -
646 1531 761 1605 Anno
787 1533 894 1632 Virg.
922 1549 1053 1633 partus
1080 1534 1265 1607 Milefimo
1283 1534 1582 1635 quingentefimo
1606 1533 1749 1608 XV111.
1767 1535 1902 1636 quinta

286 1651 345 1725 die
362 1649 495 1724 mensls
515 1650 615 1747 Maii.
630 1650 754 1731 ¹Char.
773 1651 875 1750 goth.
895 1653 970 1725 foll.
997 1655 1074 1741 154.
1092 1653 1153 1727 lin.
1171 1657 1228 1744 46.
1249 1662 1282 1744 4.
1306 1657 1369 1728 Ea
1389 1654 1598 1729 collectione
1614 1654 1853 1728 Harbizt'ana.

478 1791 608 1844 Pauzeri
624 1790 731 1845 Annal.
750 1788 882 1866 Typogr.
902 1792 937 1846 T.
945 1810 970 1867 7.
989 1787 1082 1867 1284.
1103 1794 1142 1848 N.
1167 1789 1229 1851 158.

382 1959 465 2033 318.
477 2002 526 2016 -
546 1961 784 2033 Dt'rectorzum
801 1988 874 2062 pro
884 1961 1047 2036 Diocefii
1060 1962 1209 2062 infignis
1224 1961 1407 2037 Ecclellae
1419 1961 1646 2059 Pataaianst's
1663 1963 1905 2038 eto-Haec
2055 1991 2061 2003 ·

290 2078 330 2151 in
348 2076 476 2152 fronte
505 2102 592 2152 cutn
611 2079 722 2153 icone
751 2081 790 2156 8.
811 2079 847 2153 8.
867 2080 1021 2154 Mamm.
1042 2080 1222 2180 Stephani
1233 2096 1271 2154 et
1300 2079 1543 2154 Valentini—
1570 2095 1609 2154 et
1625 2080 1723 2154 infra
1747 2078 1905 2154 Wneta'tk

287 2197 327 2270 in
344 2195 501 2271 aedibus
521 2196 626 2269 Patri
639 2197 893 2295 Lz'clztanstem.
908 2239 958 2257 ·-
977 2198 1054 2271 foll.
1080 2196 1161 2288 864.
1184 2203 1265 2298 post
1284 2197 1348 2272 lin.
1369 2204 1426 2288 24.
1456 2197 1583 2297 inflgn.
1608 2195 1717 2272 Iacob
1746 2192 1909 2298 Schepfii

287 2312 454 2414 Bibliop.
482 2313 575 2415 seqs.
592 2314 655 2388 fot.
673 2315 755 2389 365.
777 2315 1113 2390 correctorium-
1129 2343 1165 2416 p.
1187 2318 1268 2389 365.
1287 2317 1350 2391 lin.
1375 2320 1433 2392 28.
1460 2316 1555 2392 finis.
1584 2317 1695 2392 Char.
1716 2315 1819 2414 goth.
1837 2314 1903 2390 lin.

290 2435 519 2533 plerumque
541 2431 668 2505 rubris
694 2433 771 2525 foll.
787 2458 867 2507 non
884 2429 970 2532 fign.
990 2432 1073 2508 365.
1094 2432 1159 2525 lin.
1178 2430 1234 2532 39.
1263 2435 1296 2508 8.

471 2569 586 2626 Εᾶίιίο
605 2565 757 2646 praestant.
777 2569 884 2628 nullibi
901 2573 1045 2626 recenfita.
1123 2634 1126 2639 ¹

390 2743 473 2841 319.
494 2787 540 2802 -
568 2742 750 2844 Nusquam
781 2759 890 2817 antea
928 2742 1146 2842 impreiium
1179 2745 1419 2818 collectarium
1435 2744 1563 2818 ‚totius
1592 2743 1672 2817 fere
1695 2741 1907 2819 medicinae

183 2860 185 2864 ⁴
290 2864 456 2936 Bertucii
473 2857 737 2957 Bononiensis,
759 2860 797 2934 in
824 2887 900 2961 quo
917 2861 1016 2935 infra
1034 2862 1170 2961 scripta
1186 2862 1433 2937 continentur
1453 2878 1523 2937 etc.
1541 2861 1668 2936 addita
1684 2866 1735 2950 est„
1741 2863 1906 2961 practica

173 3002 179 3011 ‘
285 2983 515 3082 perutilz's-
537 2979 583 3053 de
602 2978 740 3052 notitia
755 2993 792 3051 et
812 2978 1008 3052 curatione
1029 2980 1293 3054 universarum
1316 2980 1481 3053 febrium
1500 2996 1537 3053 et
1556 3005 1688 3053 earum
1707 2979 1909 3055 accidenti·
1946 2958 2000 3005 ‘⁴⁸

291 3100 362 3174 buu
385 3115 512 3174 ete-
532 3095 757 3195 cumgratia
777 3096 1050 3195 privilegio—
1069 3097 1172 3170 Haec
1191 3096 1228 3185 in
1247 3098 1373 3170 fronte
1395 3097 1464 3169 litt.
1482 3093 1719 3195 rubro-nigr.
1740 3097 1802 3171 fol.
1823 3101 1906 3174 228.

291 3215 354 3290 lin.
376 3223 408 3305 4.
429 3213 584 3314 explicit
603 3212 878 3288 Collectorium
898 3213 1084 3287 Barttucz'z‘
1096 3214 1338 3312 Bononiensis
1360 3212 1560 3313 diligenter
1573 3214 1818 3288 emendatum
1839 3229 1910 3289 etc.

294 3376 342 3391 -
360 3331 579 3431 impreilum
591 3331 664 3404 fuit
678 3332 851 3429 Lugduni
859 3333 898 3405 in
914 3332 1068 3407 aedibus
1086 3331 1213 3406 Iacabi
1225 3332 1312 3434 Myr.
1329 3375 1370 3393 ·-
1385 3334 1498 3406 Anno
1512 3330 1565 3404 M.
1575 3326 1751 3406 CCCCC.
1762 3332 1907 3406 XVlll.

297 3451 358 3526 die
375 3450 559 3522 XXVlll.
574 3448 677 3523 Julii.
694 3447 914 3546 Registrum.
936 3450 1047 3522 Char.
1070 3451 1172 3548 goth.
1191 3451 1324 3524 minut.
1348 3451 1422 3522 foll.
1443 3448 1525 3522 228.
1549 3448 1634 3549 fign.
1654 3449 1717 3526 lin.
1739 3452 1795 3526 50.
1824 3457 1856 3540 4.

489 3590 619 3644 Panaeti
632 3587 737 3644 Anunl.
756 3589 889 3663 Typogr.
910 3588 945 3643 Τ.
956 3610 982 3662 7.
1002 3608 1031 3664 p.
1043 3588 1105 3644 322.
1124 3589 1162 3644 N.
1175 3587 1239 3664 391.
1327 3632 1331 3639 .
1364 3637 1370 3650 ,

393 3761 477 3835 320.
492 3802 542 3818 -
565 3760 710 3832 Summa
730 3760 953 3832 Summarum
971 3787 1068 3859 quae
1088 3759 1305 3861 Sylnssrtiza
1326 3758 1463 3833 dicitur
1481 3787 1527 3835 ex
1554 3763 1685 3836 favore
1705 3776 1742 3836 et
1760 3759 1911 3859 speciali

298 3878 478 3982 permillu
494 3877 645 3953 author.
674 3876 847 3976 impreiia
865 3902 979 3978 quarn
999 3904 1019 3950 a
1036 3869 1185 3979 ¹alioqui
1205 3877 1268 3952 sub
1287 3878 1691 3953 excommunicationis
1715 3899 1840 3976 poena
1856 3878 1909 3952 la·

299 4014 362 4073 tae
377 3996 593 4073 sententiae.
615 3992 702 4069 S.P.
713 3996 759 4070 N.
778 3992 913 4068 leonis
936 3996 1058 4096 Papae
1080 3995 1216 4070 decimi
1243 3994 1387 4081 nemini
1407 3994 1504 4069 inira
1526 3993 1754 4070 decennium
1773 3988 1908 4094 impri-

302 4138 408 4189 mere
431 4115 537 4202 licet,
563 4141 651 4190 cum
674 4115 905 4215 epigramate
925 4114 1105 4186 Ottaman'
1124 4107 1290 4211 Luscimi'
1309 4129 1377 4187 etc.
1406 4136 1493 4186 cum
1515 4138 1618 4187 novo
1642 4110 1844 4212 privilegio
1871 4128 1909 4186 et

300 4231 421 4333 gratia
439 4231 693 4332 imperiali-
712 4232 816 4306 Haec
845 4232 883 4304 in
903 4230 1030 4306 fronte
1058 4230 1177 4304 lirnbo
1205 4230 1452 4304 decoratu-
1471 4226 1535 4306 sol.
1564 4230 1646 4322 488.
1667 4228 1730 4305 lin.
1748 4230 1804 4304 62.
1825 4227 1908 4302 finit

301 4352 445 4426 Summa
463 4350 738 4450 Sylvastn‘na-
757 4372 854 4452 quae
874 4348 1088 4424 inscribitur
1104 4348 1264 4422 Summa
1280 4349 1528 4423 Summarum
1547 4348 1593 4425 de
1611 4346 1753 4425 cuibus
1765 4390 1813 4405 -
1838 4345 1907 4419 Ar·

297 4470 485 4572 gentoratt'
499 4466 673 4567 impensus
700 4469 773 4541 viri
797 4471 951 4542 Ioannis
976 4469 1185 4564 Gmnznger
1199 4466 1419 4541 secundario
1442 4466 1616 4569 impreffa
1638 4485 1708 4543 etc.
1724 4510 1773 4525 -
1790 4466 1906 4540 Anno

301 4591 490 4665 humanae
507 4584 630 4660 tatutis
640 4587 692 4660 M.
702 4587 750 4661 D.
762 4587 905 4659 XVIII.
916 4586 954 4661 in
964 4585 1092 4685 vigilia
1105 4585 1287 4659 Matthiae
1298 4586 1420 4659 Leone
1430 4586 1579 4660 decimo
1599 4584 1786 4659 Pontifice
1804 4584 1905 4656 Max.

304 4724 497 4808 regnante.
526 4705 637 4779 Char.
657 4702 759 4809 goth.
779 4703 840 4805 lut.
863 4702 937 4802 foll.
960 4704 1043 4802 480.
1063 4702 1149 4800 fign.
1170 4702 1233 4779 lin.
1253 4706 1310 4803 69.
1333 4704 1355 4779 f.
1374 4706 1437 4778 Ea
1447 4706 1657 4781 collectione
1667 4701 1906 4776 Hamtkcana.

495 4848 623 4905 Panaeti
635 4842 739 4904 Annnl.
760 4845 890 4918 Typogr.
910 4844 942 4898 Τ.
954 4841 979 4899 6.
996 4862 1022 4917 p.
1034 4828 1078 4900 86.
1098 4842 1137 4899 N.
1157 4843 1219 4942 5o1.
