4320 5700
656 604 895 664 carilocus
921 601 1307 664 Bmmoomfflcut
1333 601 1501 662 mnxvn.
1595 599 1603 610 “
1813 613 1875 660 101

273 815 319 863 ro
340 788 387 862 ab
408 785 542 861 iisdem
557 764 710 886 praeter
720 786 981 860 Mancruellum
1001 801 1040 860 et
1055 782 1208 859 Probum
1218 782 1265 857 ab
1281 780 1481 881 Augustino
1497 780 1623 854 Dotho
1634 781 1763 857 ineius
1774 782 1880 881 prin·

275 907 376 1008 cipio
396 921 464 980 etc.
474 946 525 960 -
541 903 769 978 accellerunt
781 903 827 978 ad
842 903 936 980 haec
952 931 1031 978 non
1045 892 1172 978 minus
1183 900 1290 976 utilia
1301 927 1418 1001 quam
1429 898 1631 976 necellaria
1639 900 1878 1001 cognitisque

279 1023 373 1098 locis
389 1024 429 1096 in
441 1020 611 1096 Aeneide
633 1020 709 1121 ipsa
725 1021 1045 1096 interlocutorum
1064 1020 1221 1096 nomina
1236 1019 1301 1094 fita
1312 1034 1432 1094 etc·
1443 1019 1552 1094 Haec
1566 1018 1605 1093 in
1616 1018 1742 1093 fronte
1759 1019 1877 1092 limbo

278 1141 379 1215 ineis.
399 1122 538 1215 inclusa
552 1182 595 1199 -
614 1139 678 1212 fol.
696 1141 832 1214 eodem
853 1138 984 1236 Subest.
1003 1140 1148 1213 Brundt
1168 1137 1215 1211 ad
1236 1137 1442 1211 Lectorem
1465 1135 1594 1235 operis
1613 1136 1740 1236 elegia.
1752 1179 1800 1197 —
1815 1136 1890 1211 fot.

163 1325 167 1334 .
198 1285 202 1291 “
276 1260 360 1333 206.
381 1258 445 1332 lin.
464 1257 583 1356 59.-
605 1257 721 1332 habes
737 1258 854 1356 igitur
874 1255 1052 1332 iuventus
1071 1272 1140 1330 etc.
1153 1297 1198 1311 -
1216 1254 1391 1356 impreffa
1412 1254 1497 1329 lunt
1522 1255 1616 1329 haec
1634 1253 1764 1329 omnia
1782 1256 1880 1353 Lug-

275 1378 402 1450 dunia
426 1375 557 1449 lucobo
577 1375 732 1449 Suchon.
752 1375 1001 1449 M.D.XV11.
1020 1373 1083 1449 die
1107 1372 1284 1472 vigefima
1303 1373 1436 1448 menfis
1455 1373 1620 1472 Augusti.
1643 1373 1755 1447 Char.
1776 1373 1880 1472 goth.

275 1494 377 1569 latin.
397 1494 540 1568 mixtus
563 1493 698 1594 glollae
723 1493 978 1592 marginsfoll.
1000 1494 1083 1566 205.
1106 1491 1192 1591 fign.
1218 1498 1270 1582 14
1296 1491 1370 1566 sme
1388 1491 1559 1566 numeris
1581 1491 1644 1564 lin.
1671 1505 1798 1566 textus
1819 1496 1876 1579 44.

276 1628 481 1687 comment.
504 1640 560 1710 72.
586 1611 611 1685 f.
648 1598 650 1601 ⁸
775 1709 780 1715 Ι
1002 1710 1004 1715 Ι

253 1714 255 1720 Ι
466 1753 597 1807 Ponzeri
610 1748 715 1808 Annal.
737 1746 870 1826 Typogr.
888 1750 923 1805 Τ.
939 1770 966 1824 7.
986 1752 1085 1824 P·3²⁷·
1108 1749 1145 1806 N.
1157 1744 1219 1823 337.
1241 1749 1342 1804 Melet.
1363 1750 1399 1805 T.
1410 1763 1436 1803 2.
1454 1766 1483 1824 p.
1502 1750 1564 1804 303.
1600 1758 1629 1795 ’κ

196 2000 198 2004 .
318 2026 324 2035 ,
373 1941 455 2040 298.
466 1984 513 1999 -
529 1941 705 2015 lodovici
722 1942 846 2013 Caelii
856 1938 1275 2037 Rhodrngu'lectionum
1290 1937 1535 2039 antiquarum
1555 1937 1643 2010 libri
1662 1936 1769 2012 XVl.
1789 1920 1883 2011 Fro-

276 2058 447 2134 benianis
468 2058 589 2132 exculi
608 2059 711 2158 typis
730 2058 831 2158 aprid
856 2058 1037 2156 inclytam
1055 2054 1313 2155 Basileam.—
1327 2056 1432 2129 Haec
1452 2055 1492 2129 in
1509 2055 1691 2129 fronte-
1703 2054 1822 2129 limbo
1841 2055 1883 2127 fi-

277 2177 382 2275 guris
399 2193 541 2250 ornata.
553 2217 598 2231 -
612 2169 680 2249 'fot
698 2176 781 2255 eod.
800 2176 834 2249 b.
859 2175 1155 2274 Frobem'r‘Epist.
1182 2174 1229 2248 ad
1246 2174 1462 2248 Lectorem.
1482 2215 1532 2231 -
1547 2172 1742 2248 Praefaeio
1759 2216 1810 2230 -
1828 2172 1884 2246 in·
1960 2171 1962 2175 ’

278 2294 411 2368 dex-
425 2321 508 2393 pag.
529 2321 556 2366 1.
574 2319 672 2394 opus
696 2290 876 2392 ipsnm-
891 2320 928 2393 p.
944 2294 1026 2366 862.
1045 2293 1108 2366 lin.
1124 2293 1183 2368 36.
1201 2292 1374 2389 Basileae
1400 2291 1501 2391 apud
1517 2291 1647 2365 loono.
1667 2290 1879 2364 Frobem'um

278 2437 328 2485 m.
345 2411 475 2486 Martii
493 2411 756 2485 M.D.XVlll.
773 2411 887 2484 Anno
905 2409 1184 2486 aChristonato
1202 2412 1254 2484 M.
1262 2411 1310 2483 D.
1321 2410 1447 2483 XVll.
1469 2408 1532 2483 fol.
1550 2407 1642 2510 leqs.
1662 2407 1789 2509 inlign.
1801 2409 1888 2516 Fro-¹

277 2529 376 2601 benzi
393 2529 504 2603 Char.
522 2529 583 2602 lat.
600 2555 636 2628 p.
658 2555 691 2629 9.
709 2529 792 2603 862.
810 2527 897 2627 sign.
917 2528 956 2601 in
970 2544 1052 2601 toto
1069 2555 1151 2627 pag.
1167 2529 1249 2602 852.
1266 2528 1329 2602 lin.
1349 2528 1407 2618 54.
1434 2527 1459 2604 f.

468 2669 597 2725 Ponzerr'
612 2668 718 2725 Annal.
738 2683 856 2743 typogr,
882 2667 917 2723 Τ.
933 2665 961 2722 6.
980 2686 1011 2742 p·
1028 2682 1092 2724 200.
1111 2667 1148 2726 N.
1163 2661 1225 2722 181.
1243 2665 1272 2722 b.

927 2876 979 2951 M.
1003 2876 1052 2950 D.
1088 2824 1238 2949 xvm.

373 3061 516 3135 299.-
536 3034 740 3133 Aristotelii
755 3035 969 3133 Stagyritae
985 3033 1153 3111 acroases
1169 3033 1348 3138 Phylicae
1371 3033 1458 3114 libri
1476 3035 1579 3108 Vlll.
1601 3030 1708 3107 loun.
1722 3022 1882 3136 Argyro-

271 3154 352 3254 pilo
375 3154 604 3254 interprete,
623 3153 775 3251 adjectis
795 3153 898 3228 loon.
918 3154 1030 3227 Eclri'
1047 3152 1356 3252 adnotationibus
1380 3167 1418 3226 et
1437 3151 1721 3227 commentariis
1738 3151 1784 3225 ad
1799 3151 1882 3226 illu-

264 3269 489 3348 strillimum
504 3272 552 3343 D.
566 3268 763 3367 Emastum.
787 3270 979 3345 Comitem
998 3271 1212 3346 Palatinum
1235 3271 1359 3345 Rheni
1387 3270 1434 3344 ad
1450 3270 1637 3347 Boiorum
1656 3269 1815 3344 Ducem.
1832 3310 1884 3329 ···

277 3388 439 3462 Haecin
455 3388 640 3461 fronte-
656 3387 768 3462 litter.
789 3386 1043 3487 rubro-nigris
1059 3388 1158 3487 infig.
1179 3388 1311 3465 Bavar.
1338 3412 1427 3463 cum
1447 3387 1649 3488 privilegio
1671 3404 1709 3463 et
1727 3387 1881 3462 disticho

277 3501 389 3581 Heor.
407 3490 710 3580 Bebclzi'mo'rbo‘
719 3504 875 3604 gravati.
887 3545 934 3566 -·
954 3505 1017 3580 fol.
1038 3505 1120 3581 eod.
1139 3506 1350 3607 b.Epittola
1365 3506 1478 3581 Eclz'i
1490 3505 1537 3581 ad
1550 3506 1686 3580 Ducem
1695 3501 1883 3603 Ernestum

278 3625 543 3698 Bovarium-
557 3623 621 3696 fol.
641 3640 723 3697 cxl.
739 3622 802 3696 lin.
825 3623 882 3698 58.
902 3624 941 3697 in
960 3621 1121 3722 Augusto
1146 3624 1331 3698 Vindelico
1349 3625 1389 3698 in
1406 3625 1630 3725 Sz'gzsmundi
1645 3626 1780 3698 Graium
1800 3624 1882 3697 Me-

278 3742 351 3816 dici
371 3752 410 3816 et
426 3744 549 3816 Marci
568 3740 908 3841 Vl'r'rsung‘ollicina
919 3742 1044 3817 mense
1063 3741 1181 3816 Junio
1197 3743 1312 3817 Anno
1329 3743 1472 3841 gratiae
1483 3743 1592 3817 MD.
1608 3743 1751 3815 XVlll.
1769 3741 1882 3816 Char.

279 3859 339 3933 lat.
356 3859 490 3959 glossae
505 3884 621 3958 marg.
642 3858 719 3932 foll.
741 3871 818 3932 11'1.
840 3859 902 3933 lin.
922 3862 979 3948 54.
1006 3860 1029 3932 f.
1123 3855 1127 3862 ’
1884 3869 1889 3877 “

468 4000 598 4055 Panzerr'
616 3998 722 4054 Annal.
744 3999 877 4082 Typogr.
898 3997 1015 4076 top.
1028 3998 1090 4053 150.
1107 3998 1145 4054 N.
1160 3993 1221 4054 118.
1241 3998 1328 4074 Zops
1339 4000 1375 4054 T.
1385 4019 1411 4054 a.
1431 4019 1460 4074 p.
1473 4015 1534 4073 107.
1556 3999 1594 4054 N.
1608 4018 1650 4072 ²7·

376 4186 518 4260 300-
532 4187 829 4283 Mursilz'r'l‘i'czin‘
842 4188 1071 4263 Florentini:
1095 4187 1262 4262 doctoris
1283 4187 1323 4261 in
1345 4188 1451 4262 omni
1472 4185 1754 4286 disciplinarum
1773 4213 1885 4288 gene-

279 4331 321 4379 re
336 4302 633 4404 profimdillimi:
653 4305 698 4379 de
716 4292 910 4381 christiana
926 4307 1307 4407 religionez'aureum
1319 4303 1558 4406 opusculum:
1576 4309 1657 4406 post
1667 4329 1801 4381 omnes
1814 4306 1885 4380 im·
1997 4357 2000 4362 -

278 4421 487 4524 preliiones
503 4418 654 4525 ubique?
662 4424 836 4499 locorum
853 4424 1021 4502 excusas:
1038 4454 1060 4500 a
1076 4425 1174 4499 bene
1193 4423 1307 4497 docto
1324 4423 1505 4525 theologo
1522 4422 1569 4497 ad
1585 4422 1756 4498 amullim
1775 4450 1883 4498 reco-

239 4615 241 4618 ,
278 4541 444 4640 gnitum:
465 4542 687 4643 cunctisque
703 4543 851 4618 mendis
868 4543 1306 4645 expurgatum-Haec
1322 4542 1361 4617 in
1380 4543 1506 4618 fronte
1527 4542 1590 4619 fol.
1613 4542 1695 4618 eod.
1712 4541 1747 4615 b.
1759 4542 1882 4614 Lucae

279 4659 511 4757 Olchtnensz‘s
527 4660 691 4762 Epistola
708 4660 755 4735 ad
775 4660 908 4736 Aulon.
931 4665 1178 4737 Conturenum.
1192 4706 1239 4720 —
1257 4661 1321 4736 fol.
1346 4663 1403 4763 95.
1422 4662 1457 4736 b.
1475 4661 1537 4735 lin.
1571 4689 1599 4736 r.
1620 4660 1704 4733 finit
1719 4683 1881 4732 aureum

277 4771 502 4878 opusculum
518 4796 589 4858 etc.
610 4823 654 4839 -
673 4780 891 4890 imprellum
915 4799 1044 4860 autem
1077 4783 1235 4861 Venonii
1263 4796 1332 4857 etc.
1354 4821 1398 4841 ·-
1423 4780 1538 4855 Anno
1555 4778 1601 4854 ab
1619 4774 1880 4860 incarnatione
