4320 5700
687 627 928 689 carnosos
955 604 1331 696 21222211211222
1356 577 1510 689 nilus.
1861 620 1907 716 75

305 810 506 884 nebatnm
525 809 587 882 lib.
607 837 636 883 1.
653 808 834 883 Eiusdem
851 808 1041 882 oratoriae
1059 808 1284 908 partitiones
1302 809 1365 884 lib.
1387 837 1416 883 1.
1436 826 1484 865 -'
1498 808 1681 886 Eiusdem
1694 811 1742 886 de
1757 813 1907 914 optimo
1976 876 1978 881 .

297 955 437 1030 genere
456 943 654 1003 oratorum
670 927 855 1027 praefatio
877 926 1077 1028 quaedam.
1088 966 1135 982 -
1151 926 1293 1025 infigne
1314 925 1508 1003 Aldinum.
1524 971 1575 985 -
1592 927 1666 1003 hoc
1678 928 1776 1004 libro
1790 933 1907 1006 etiam

296 1048 525 1151 pontificum
545 1047 776 1130 Alexandri,
792 1035 905 1129 Julz'i,
924 1046 1116 1121 acLeonis
1129 1044 1286 1124 demum
1305 1045 1466 1123 decretis
1481 1047 1618 1148 neq-uis
1638 1048 1732 1122 alius
1748 1050 1907 1151 usquam
1930 1097 1937 1119 .

298 1169 475 1242 locorum
493 1166 648 1264 impune
666 1163 879 1264 imprimat,
901 1179 1054 1267 cautum
1074 1165 1194 1235 est.-
1213 1162 1453 1252 121.245.112.
1474 1165 1527 1238 16.
1552 1166 1709 1239 Venetiis
1737 1166 1777 1241 in
1803 1170 1905 1243 aedi·
1956 1211 1959 1213 ‡

297 1285 370 1360 bus
388 1283 481 1357 Aldi
493 1300 531 1358 et
546 1282 716 1356 Andreae
739 1281 872 1356 Soceri
889 1281 1013 1354 menie
1030 1279 1172 1370 Martio
1201 1281 1254 1352 M.
1266 1280 1315 1352 D.
1325 1279 1432 1355 XlV.
1460 1280 1532 1382 leq.
1558 1285 1827 1362 correctiones.
1855 1330 1905 1347 -

301 1402 413 1478 Char.
430 1402 491 1476 lat.
509 1400 587 1475 foll.
606 1401 687 1488 245.
709 1399 794 1499 fign.
810 1426 843 1497 9.
864 1399 937 1470 fine
955 1393 1136 1470 numeris.
1154 1397 1217 1470 lin.
1237 1397 1299 1496 39.
1314 1397 1349 1471 8.

487 1540 616 1597 Panzerr'
636 1537 740 1593 Annal.
760 1537 892 1612 Typo'gr.
911 1538 946 1593 T.
955 1531 982 1591 8.
1002 1544 1105 1610 p.420.
1125 1536 1226 1592 Μαίη.
1245 1534 1344 1606 12111.
1361 1536 1468 1612 p.262.
1493 1532 1572 1595 Serio
1591 1540 1662 1596 dell'
1677 1541 1810 1611 edisioni
1821 1543 1904 1602 Aldi-

566 1620 624 1685 'ne
638 1630 723 1706 pso.
733 1629 771 1687 N.
779 1645 805 1683 2.

391 1805 476 1878 215.
494 1845 539 1861 -
562 1799 795 1903 Quassrbnes
818 1797 1064 1900 Quolc'betales
1084 1824 1130 1872 ex
1155 1795 1321 1901 quatuor
1342 1798 1904 1901 sententiarumvoluminibus

295 1921 500 1998 aDoctore
518 1912 752 2008 lubtilissimo
771 1918 879 2014 edite
890 1918 1031 1990 Ioanne
1048 1918 1276 2018 Dans-Scoto
1293 1918 1437 1993 ordinis
1458 1920 1660 1998 Minorum
1674 1951 1718 1998 ac
1733 1925 1904 2000 Theolo-

294 2048 433 2139 gorum
451 2038 625 2112 omnium
644 2036 818 2138 principe
835 2035 1006 2112 Landori
1019 2034 1173 2134 pristino
1190 2035 1357 2110 restitute
1381 2036 1426 2110 ab
1447 2038 1600 2133 eximio„
1610 2040 1768 2143 doctore
1788 2045 1904 2142 Antoss

290 2162 354 2231 nio
373 2159 420 2231 de
436 2159 564 2230 Fontis
581 2153 836 2252 Tarvillno.†
857 2153 1010 2226 M'colai
1026 2152 1181 2226 Audecti
1199 2152 1333 2252 Cyprii
1355 2154 1582 2230 Carmelitae
1607 2158 1700 2232 sacri
1725 2158 1903 2236 Luminis

289 2273 507 2373 profelloris
534 2290 696 2371 terracq.
720 2269 865 2344 sanctae
894 2269 1141 2353 Provincialis
1169 2271 1334 2345 Carmen
1352 2288 1422 2346 etc.
1451 2315 1496 2332 -
1522 2275 1627 2350 Haec
1647 2277 1688 2350 in
1708 2278 1836 2354 fronte
1854 2323 1904 2340 —-

288 2390 352 2465 fol.
371 2391 454 2465 232.
477 2390 540 2464 lin.
559 2417 617 2489 29.
635 2388 731 2462 finis.
749 2387 968 2487 imprellum
993 2389 1151 2460 Venetz'r’s
1171 2414 1242 2487 per
1259 2389 1468 2487 Gregorcitm
1490 2393 1536 2467 de
1568 2395 1757 2494 Gregorn's·
1784 2398 1901 2474 Anno

288 2509 434 2583 domini
463 2510 516 2582 M.
528 2508 704 2581 CCCCC.
717 2507 824 2580 XIV.
851 2505 911 2579 die
930 2508 1015 2578 Vll.
1043 2505 1188 2580 Mensis·
1211 2506 1366 2606 Aprilis.
1401 2509 1623 2608 Registrum.
1652 2514 1764 2590 Cha-r.
1794 2519 1898 2617 goth.

289 2653 378 2701 cum
396 2625 495 2726 gloss.
514 2652 631 2729 marg.
652 2626 729 2707 foll.
749 2627 830 2698 252.
851 2650 930 2697 non
947 2622 1032 2722 fign.
1051 2624 1114 2696 lin.
1133 2624 1192 2697 66.
1214 2623 1238 2696 f.

478 2744 582 2822 Editio
609 2784 661 2820 nec
679 2784 696 2820 a
712 2765 883 2821 Maittoirio
907 2783 961 2819 neo
986 2783 1003 2817 a
1026 2765 1159 2819 Panzero
1178 2764 1322 2820 recenfitn.
1348 2747 1491 2821 1211111122
1514 2766 1609 2823 adlruo
1631 2772 1743 2840 utica,
1768 2793 1841 2848 quae
1857 2776 1900 2832 le-

515 2878 517 2880 ’
574 2875 683 2933 quitur·

381 3030 467 3103 216.
484 3069 535 3086 -
562 3025 810 3129 Chnstophon'
826 3027 973 3101 Schurli
992 3027 1026 3128 J.
1046 3028 1095 3102 U.
1116 3026 1298 3129 Doctoris
1327 3028 1498 3103 Libellus
1521 3029 1568 3105 de
1591 3032 1828 3136 'sacerdotum
1856 3066 1899 3114 ac

258 3232 260 3236 ¹
284 3173 417 3222 rerum
434 3145 757 3221 ecclefiallicarum
773 3145 1015 3245 praestantia,
1032 3163 1111 3220 tam
1129 3145 1335 3220 christianis
1360 3174 1477 3248 quam
1500 3149 1661 3225 ethnicis
1691 3157 1896 3256 exemplis,

286 3265 445 3339 abunde
457 3265 712 3361 demonstrans
735 3264 807 3336 deo
827 3263 959 3336 dicatis
977 3263 1088 3336 bonis
1106 3263 1171 3337 sub
1189 3263 1498 3340 interminatione
1516 3267 1634 3342 futuri
1657 3286 1695 3343 et
1712 3271 1896 3371 presentis

277 3382 412 3482 judicii
433 3381 535 3455 laicis
553 3380 811 3454 abstinendum
830 3380 911 3453 fore
927 3396 1041 3480 atque
1059 3380 1302 3480 parcendum.
1336 3383 1505 3459 Clericos
1523 3403 1651 3462 autem
1676 3389 1791 3464 etiam
1818 3419 1897 3467 ma·
2028 3405 2029 3408 ’

280 3502 339 3575 los
357 3499 622 3574 honorandos:
642 3515 680 3572 et
697 3524 787 3572 cum
805 3524 942 3571 eorum
957 3498 1069 3573 bonis
1090 3529 1099 3571 :
1127 3499 1257 3573 divino
1280 3527 1323 3574 ac
1342 3501 1511 3578 humano
1531 3505 1616 3602 jure
1642 3506 1688 3580 ab
1716 3508 1894 3586 omnibus

279 3616 553 3714 exactonnibus
575 3625 613 3691 e't
632 3615 856 3691 numeribus
872 3615 924 3688 ita
939 3615 1128 3691 immunes
1145 3617 1232 3690 elle:
1256 3634 1300 3691 ut
1317 3619 1370 3693 eis
1388 3637 1454 3696 aut
1467 3621 1523 3695 rei
1543 3624 1783 3700 eoclefiollice
1796 3627 1895 3702 iniu-

278 3737 420 3812 riantes
443 3736 645 3811 anathema
665 3735 753 3807 sint:
772 3750 810 3809 et
826 3734 1055 3835 plerumque
1076 3734 1175 3807 mala
1192 3751 1317 3810 morte
1338 3755 1507 3836 pereant
1548 3741 1665 3835 Quod
1688 3760 1726 3816 et
1743 3745 1892 3818 inscribi

272 3855 416 3955 placuit
440 3853 681 3928 sacerdotum
697 3849 962 3926 defensorium.
980 3894 1030 3908 -
1056 3852 1160 3925 Haec
1179 3851 1308 3926 omnia
1323 3853 1362 3926 in
1376 3854 1503 3930 fronte
1520 3882 1569 3917 -’
1598 3858 1717 3932 limbo
1737 3861 1893 3935 decora·
1948 3860 1951 3874 '

276 3988 326 4047 ta.
341 4015 392 4031 -
406 3972 469 4046 fol.
489 3971 572 4056 eod,
592 3970 629 4046 b.
650 3969 836 4044 dedicatio
863 3967 1055 4041 Scheuren'
1068 3969 1124 4053 ,ed
1150 3969 1251 4042 loon.
1273 3971 1430 4045 Schenrl.
1453 4001 1532 4048 can.
1556 3976 1827 4052 Uratislavens.
1843 4022 1892 4038 -

275 4090 340 4163 121.
354 4090 408 4162 13.
424 4090 460 4163 b.
480 4090 544 4163 112.
556 4095 614 4178 24.
635 4086 791 4162 excusus
811 4088 859 4159 est
881 4086 1070 4185 Hagenan
1098 4113 1162 4162 ere
1189 4088 1349 4161 Conradi
1362 4088 1442 4186 hist.
1462 4117 1532 4189 per
1556 4093 1752 4167 Henn'cum
1779 4098 1889 4174 Gran.

277 4208 394 4280 Anno
411 4206 538 4280 salutis
557 4211 702 4280 nostrae
719 4206 771 4278 M.
781 4204 829 4279 D.
839 4204 946 4279 XlV.
969 4205 1095 4280 mense
1114 4206 1361 4307 Septembris.
1383 4208 1493 4282 Char.
1513 4210 1616 4309 goth.
1632 4211 1708 4287 loll.
1732 4214 1794 4303 13„
1809 4243 1889 4294 non

277 4326 364 4426 sign.
387 4325 451 4398 lin.
468 4331 526 4414 42.
543 4330 577 4413 4.
1051 4348 1053 4351 ·

470 4465 600 4521 Panaeti
612 4463 717 4520 Annal.
735 4425 866 4539 l'ypogr.
887 4464 922 4520 T.
934 4485 961 4539 7.
980 4482 1009 4540 p.
1020 4459 1065 4538 78.
1082 4463 1186 4539 N.92.'

262 4646 263 4649 ’
373 4648 523 4718 217.-
547 4620 703 4719 Erasmi
714 4621 950 4694 Boterodami
962 4620 1238 4695 Parabolarum
1261 4619 1335 4697 five
1356 4622 1548 4699 Sim'ilium
1566 4626 1671 4701 liber.
1697 4652 1786 4702 cum
1804 4630 1888 4701 Pri·

276 4739 416 4840 vilegio
439 4738 627 4841 imperiali
642 4738 690 4816 ad
704 4736 999 4819 sexennium-
1024 4739 1130 4818 Haec
1146 4739 1188 4816 in
1203 4739 1329 4819 fronte
1345 4785 1395 4802 -
1421 4742 1485 4844 fol.
1512 4743 1594 4819 eod.
1623 4745 1658 4819 b.
1681 4745 1775 4818 Eius
1797 4746 1886 4846 Epi-

1390 4879 1504 4959 ,Ks
