4320 5700
893 616 1295 715 -)0(-·-
1819 628 1898 685 xrx

293 847 381 896 cum
397 834 436 896 et
464 818 530 921 ipsi
549 814 747 893 adversarii
766 814 1041 915 guttenb'ergici
1063 839 1134 887 nec
1147 813 1265 888 unico·
1283 810 1513 887 documento
1533 837 1646 886 verae
1665 810 1755 886 artis
1780 824 1893 911 typo-

296 980 499 1082 graphicae
515 978 701 1077 originem
718 975 891 1053 refellere
902 975 1119 1076 potuerint3
1139 972 1312 1074 quinimo
1329 971 1354 1044 st
1375 998 1422 1046 ex
1443 972 1680 1047 adminiculis
1694 997 1773 1046 non
1788 976 1893 1050 nulla
1997 1058 2001 1076 ἱ

295 1156 429 1241 petere
447 1139 557 1215 liceat
576 1152 808 1238 argumenta,
828 1161 907 1210 non
928 1134 1065 1234 absque
1085 1132 1333 1209 fundamento
1350 1131 1587 1206 statuendum
1605 1137 1672 1220 est,v
1687 1134 1895 1228 Guttenber-

286 1302 389 1399 gium
408 1299 636 1398 Argentinoe
660 1299 736 1373 iarn
768 1296 894 1370 ideam
919 1294 1055 1368 litteris
1083 1291 1169 1368 susls
1189 1290 1435 1392 imprimendi
1453 1250 1639 1379 habuisse,
1672 1319 1762 1367 cum
1790 1294 1890 1389 inter

288 1458 585 1558 suppellectilem
613 1456 887 1557 impressoriam
913 1454 1028 1529 etiam
1056 1451 1217 1553 plumbo
1243 1453 1307 1549 28)
1334 1448 1420 1526 usus
1447 1451 1579 1539 suerit3
1600 1466 1637 1525 at
1663 1453 1786 1552 ruptis
1808 1469 1885 1544 tet,

275 1629 500 1718 'quaterque
521 1614 780 1702 societatibus‚
806 1640 899 1715 quas
919 1613 1158 1712 Argentorati
1172 1625 1213 1686 et
1229 1586 1442 1709 Mogunnite
1463 1591 1552 1685 cum
1577 1610 1729 1685 diversis
1756 1613 1885 1713 perlo'-

289 1775 348 1850 nis
366 1775 487 1862 inivit,
507 1775 615 1850 facile
636 1772 917 1849 coniicicndum
937 1775 997 1856 est,
1010 1769 1139 1870 ipsum
1156 1786 1221 1845 aut
1240 1795 1328 1844 curn
1345 1769 1462 1869 Fustio
1486 1740 1551 1845 aut
1572 1796 1660 1845 cum
1678 1771 1891 1872 ‹schaessero
1972 1762 1976 1769 ⁸

286 1950 326 2009 et
348 1933 573 2034 cumprimis
609 1933 700 2007 huic
719 1947 855 2033 utpote
871 1930 956 2006 viro
980 1927 1267 2031 perspicacioris
1294 1931 1406 2028 longe
1430 1930 1572 2028 ingenii
1596 1930 1721 2005 ideam
1747 1932 1891 2010 littera·

283 2118 374 2169 rum
401 2091 569 2168 susarum
593 2089 899 2194 communicasse,
928 2115 1004 2189 quo
1024 2089 1123 2176 facto
1145 2088 1299 2163 demum
1318 2114 1378 2162 ars
1396 2088 1675 2190 typographica
1693 2119 1715 2165 a
1741 2093 1887 2168 Gutten-

292 2250 586 2351 bergt'o‘inventa
603 2277 675 2351 per
687 2247 931 2348 Schaqffemm
952 2247 998 2324 ad
1016 2250 1200 2348 majorem
1215 2247 1492 2348 perfectionem
1507 2246 1580 2330 suit
1599 2250 1792 2348 perducta.
1812 2257 1887 2353 29.)

233 2638 235 2643 ’
301 2640 1888 2671 mm...-

281 2919 363 2956 mum
381 2876 537 2976 hocpaeto
557 2902 624 2976 (uti
636 2902 815 2976 Argentinoe
833 2914 860 2955 et
876 2901 1071 2975 Mogontioe)
1096 2913 1257 2964 tractatam,
1275 2895 1323 2951 sed
1348 2895 1456 2966 librum
1477 2898 1700 2974 imprimendum
1718 2921 1770 2976 per
1794 2921 1890 2989 partes

280 3014 337 3069 five
363 3012 436 3069 lolia
453 3013 559 3070 tabulis
585 3015 691 3089 ligneis
710 3014 832 3069 incisum
849 3013 950 3081 fuisse,
968 3013 999 3071 id
1016 3012 1094 3087 quod
1110 3014 1196 3067 etiam
1212 3011 1384 3092 documenta
1401 3012 1602 3072 aMeermano
1627 3015 1662 3068 Τ.
1680 3028 1707 3068 2.
1734 3016 1884 3092 originum

277 3127 395 3183 suarum
414 3127 694 3204 typographicarum
713 3128 842 3185 exhibita
860 3125 1104 3183 demonstrant-
1122 3127 1285 3182 Heineclen
1312 3125 1344 3181 in
1371 3124 1426 3181 den
1442 3124 1639 3182 Nachriohten
1654 3146 1715 3184 von
1733 3130 1887 3189 liiinlllern

251 3310 254 3317 Ι
277 3238 539 3295 vndlsunslsaolren
549 3241 673 3315 Leipzig
690 3237 769 3313 1768.
788 3237 815 3296 8.
835 3243 887 3313 qui
905 3238 1107 3298 Meirmonum
1125 3258 1160 3294 ex
1177 3241 1293 3314 integro
1310 3235 1470 3304 refutavit,
1489 3237 1673 3296 dissertissimo
1687 3245 1886 3318 exponit‚Ba.

278 3367 363 3411 ravos
378 3352 490 3407 intuitu
507 3354 576 3408 attis
593 3354 730 3410 inventae
752 3373 805 3408 nec
829 3353 982 3407 minimam
1006 3352 1127 3428 speciem
1143 3353 1275 3407 veritatis
1293 3369 1345 3426 pto
1362 3351 1391 3406 se
1407 3349 1531 3417 habere,
1557 3354 1648 3409 multo
1666 3355 1783 3424 minue,
1802 3360 1881 3433 quod

281 3465 460 3521 Lomoteius
483 3465 615 3539 Costerus
646 3484 722 3521 anno
742 3461 818 3538 1428.
844 3466 904 3520 iam
924 3465 1014 3541 ipsam
1037 3465 1248 3539 impressionem
1274 3462 1441 3521 tabellarem
1475 3471 1656 3535 exercuerit,
1682 3488 1747 3523 cum
1766 3475 1886 3529 Senatus

278 3575 460 3634 harlemenlis
477 3579 605 3654 primum
628 3596 704 3635 anno
725 3577 795 3635 1660
820 3576 950 3652 adeoque
969 3578 1101 3634 (lucentis
1119 3577 1242 3653 triginta
1262 3577 1373 3635 duobus
1398 3579 1481 3634 annis
1513 3577 1619 3636 abhinc
1644 3579 1742 3637 cistam
1765 3583 1884 3641 tabella·

280 3711 346 3748 rum
359 3692 557 3768 impressorum
575 3711 611 3747 ex
630 3690 713 3747 libris
731 3711 748 3747 a
763 3691 893 3747 litterato
909 3691 1034 3766 quodam
1053 3691 1115 3768 post
1130 3707 1252 3747 mortem
1267 3691 1377 3747 relictis
1393 3694 1425 3748 in
1439 3691 1558 3768 publica
1574 3695 1708 3778 auctione
1726 3699 1881 3773 expolitam

277 3807 394 3874 emerit,
422 3825 496 3880 quae
511 3804 633 3863 successu
655 3807 793 3882 temporis
809 3823 946 3880 tanquam
971 3825 1059 3883 opera
1075 3805 1288 3880 typographica
1308 3806 1465 3862 Laurentii
1484 3808 1613 3882 costori,
1629 3806 1875 3882 proficiscentibus
1907 3808 1910 3811 ’
1939 3849 1942 3852 «

230 3896 232 3903 ⁴
280 3917 664 3994 quibuscunque-exhibitae
679 3918 808 3976 suerunt.
837 3921 886 3977 Ex
900 3920 966 3995 ipss
986 3919 1110 3993 (lenique
1126 3916 1209 3973 sactis
1227 3916 1454 3974 Harlemenfium
1470 3919 1597 3987 constat,
1623 3939 1671 3976 eos
1688 3924 1720 3978 in
1739 3925 1881 3998 opinione
1905 3949 1906 3952 ¹

279 4033 356 4088 circa
373 4052 481 4088 annum
499 4035 636 4090 inventae
656 4033 727 4088 artis
739 4031 901 4100 lluctualse;
918 4030 1032 4107 eoquod
1049 4033 1245 4087 monumentis
1263 4029 1378 4106 publice
1400 4034 1532 4108 expositis
1560 4037 1575 4102 (
1583 4013 1664 4088 iuxta
1682 4037 1884 4095 Mearmomtm

279 4145 363 4200 Tom.
387 4166 411 4200 r.
442 4167 472 4222 p.
489 4147 547 4223 69)
574 4149 693 4204 initium
719 4145 809 4200 seculi
839 4144 1047 4221 typographici
1076 4146 1236 4201 Laurentio
1255 4179 1267 4192 ·
1286 4147 1448 4221 Coflerinni
1478 4147 1575 4220 primo
1604 4147 1641 4201 ad
1666 4169 1774 4205 annum
1800 4151 1882 4228 1428.

273 4257 369 4332 postea
395 4257 432 4314 ad
456 4279 561 4314 annum
581 4261 661 4334 1430.
689 4275 717 4315 et
739 4258 853 4314 demum
879 4257 1020 4315 iubileum
1042 4261 1110 4315 attis
1138 4257 1366 4335 typographicae
1384 4260 1536 4315 Harlamt'i
1549 4262 1686 4317 inventae
1716 4264 1751 4321 ad
1773 4286 1884 4324 annum

279 4373 348 4446 1440
368 4372 537 4429 retulerunt.

372 4576 423 4656 28)
441 4601 471 4637 v.
483 4581 552 4636 Not.
573 4599 667 4655 praec.
687 4583 723 4638 N.
737 4594 779 4657 ¹4·

360 4794 409 4865 29)
431 4788 665 4866 onicenses-giam
682 4791 862 4850 inventorem
882 4791 951 4847 artis
966 4789 1195 4866 typographicae
1205 4788 1297 4858 inisse,
1313 4789 1371 4847 duo
1388 4807 1575 4850 monumenta
1585 4796 1759 4870 Mogunn'oe
1768 4813 1873 4853 erectas
1910 4803 1912 4806 ’

1527 4933 1594 4980 02
