4358 5694
617 593 858 677 cananaeus
881 595 1259 655 msuocnarmcus
1284 597 1488 657 nnxxxu.
1830 585 1899 658 155

386 776 470 850 502.
492 816 539 834 -
566 776 720 851 Alcinoi
732 773 953 877 Philosophi
972 775 1159 850 Platonici
1181 775 1228 849 de
1245 776 1420 851 doctrina
1439 775 1608 849 Platonis
1625 777 1781 852 liber-
1794 784 1900 881 Speu-

277 893 561 996 siniPlatonis
579 892 749 993 discipuli
769 893 866 968 liber
885 893 932 967 de
948 892 1119 967 Platonis
1138 890 1411 983 dressnitronibus
1432 933 1474 951 -
1495 895 1712 970 Xenocratis
1731 901 1898 999 philoso-

287 1011 371 1111 phi.
381 1011 561 1112 platonici
580 1012 677 1084 liber
696 1011 742 1085 de
763 1028 899 1086 morte.
924 1055 973 1070 -
993 1010 1131 1085 Totius
1147 1009 1297 1085 divinae
1324 1011 1495 1084 Platonis
1521 1010 1784 1115 philosophiae
1810 1019 1897 1095 bre·

289 1128 480 1204 vissimum
501 1129 605 1203 iuxta
629 1156 675 1203 ae
697 1129 1004 1228 pulcherrimum
1029 1129 1282 1228 compendium.
1314 1126 1487 1224 Basileac
1506 1131 1621 1213 ,1532
1644 1174 1697 1193 --
1724 1134 1828 1210 Haec
1858 1138 1899 1213 in

290 1247 417 1320 sronte
435 1289 484 1304 -
503 1272 586 1346 pag.
611 1248 688 1320 126.
712 1244 775 1319 lin.
799 1246 833 1320 8.
855 1248 1072 1321 Xenocratis
1093 1245 1139 1319 de
1160 1260 1286 1319 morte
1309 1246 1395 1319 libri
1421 1246 1507 1321 finis
1530 1248 1703 1346 Basrleae
1729 1280 1800 1353 per
1828 1257 1898 1332 Mi-

181 1383 184 1388 ·
288 1362 453 1437 claelem
478 1361 714 1462 Isingn'nium
739 1361 869 1437 Mense
896 1363 1064 1463 Augusto
1089 1362 1218 1461 infign.
1245 1363 1401 1466 bibliop.
1430 1364 1564 1439 Palma
1584 1366 1671 1443 Bel.
1700 1369 1812 1446 Char.
1836 1375 1897 1448 lat.

292 1479 536 1583 p.126.fign.
559 1481 599 1553 in
616 1495 700 1554 toto
721 1481 799 1553 128.
823 1478 886 1553 lin.
911 1481 969 1555 26.
989 1480 1022 1552 8.

376 1678 384 1695 ,
480 1620 610 1676 Panaeti
624 1618 732 1674 Annas.
751 1620 885 1694 Typogr.
901 1619 936 1673 T.
952 1618 979 1674 6.
995 1630 1097 1694 μαψ.
1117 1616 1155 1673 N.
1165 1612 1229 1694 891.

382 1787 465 1863 503.
491 1828 539 1845 --
564 1787 752 1886 Francisci
768 1786 1000 1885 ModiBrug.
1017 1787 1285 1888 Novantiquae
1300 1788 1524 1877 Lectiones,
1558 1792 1723 1870 tributae
1749 1799 1788 1872 in
1817 1803 1896 1901 epi-

184 1971 188 1975 .
287 1907 395 1981 stolas
415 1920 589 1994 centum,
608 1922 646 1981 et
665 1906 771 2008 quod
783 1903 964 1981 excurrit.
983 1944 1030 1964 ·-
1057 1907 1102 1977 ln
1120 1897 1259 2004 quibus
1277 1904 1434 1981 infinitis
1454 1909 1548 1983 locis
1574 1912 1703 1998 Silius,
1733 1914 1898 2013 Cenfhn'·

284 2051 376 2111 nus,
396 2026 588 2124 Hyginus,
616 2023 843 2107 Macrobius,
866 2023 1102 2119 Fulgentius5
1126 2021 1303 2120 plurimis
1329 2025 1469 2107 Cicero,
1497 2028 1657 2116 Seneca,
1686 2033 1896 2124 Martialis,

287 2141 453 2225 Plenius,
476 2142 710 2240 Calpurnium
726 2138 919 2213 nonnullis
939 2138 1159 2239 Propertius,
1181 2139 1348 2223 Ovidius,
1365 2141 1556 2228 Lucanus,
1577 2138 1748 2220 'Valerius
1768 2151 1896 2226 Maxi-

282 2286 383 2343 mus,
406 2259 561 2343 Statius,
586 2257 667 2342 alii,
687 2257 927 2357 supplentur,
949 2255 1221 2340 emendantur,
1247 2255 1494 2344 illustrantur,
1510 2277 1705 2337 notantur.
1728 2308 1778 2325 -
1795 2267 1896 2349 Cim

277 2375 422 2475 triplici
448 2374 584 2449 indice.
612 2372 853 2449 Francosurti
885 2372 987 2473 apud
1003 2371 1186 2451 haeredes
1204 2372 1375 2449 Andreae
1390 2375 1570 2451 Weclreli.
1598 2380 1892 2467 M.D.xxx11,

283 2519 322 2594 p.
340 2493 422 2566 aaa.
443 2491 508 2565 un.
523 2492 581 2565 26.
602 2491 690 2565 finis
706 2533 756 2551 -.
778 2490 850 2592 req.
868 2489 984 2565 inaex-
1005 2505 1043 2565 et
1061 2489 1295 2589 corrigenda.
1321 2472 1434 2567 caat.
1453 2493 1515 2569 aa.
1536 2495 1612 2571 ron.
1633 2500 1715 2576 aas.
1739 2500 1826 2604 rga,
1853 2508 1893 2583 1„

284 2625 370 2684 toto
386 2611 471 2686 650.
496 2608 558 2682 lin.
579 2608 637 2682 31.
653 2608 688 2681 8.

423 2714 435 2731 ⁸
478 2745 560 2824 Opus
575 2745 683 2803 nullibi
698 2748 876 2805 recensitum.

304 2965 307 2971 .
378 2918 463 3009 504.
490 2962 538 2980 -
560 2920 609 2994 D.
634 2915 811 3020 Dionysii
832 2918 1069 3016 Cartlucsiani
1087 2919 1126 2992 in
1151 2937 1316 3020 quatuor
1331 2922 1581 3021 Evangelillas
1607 2932 1893 3026 enarrationes,

284 3038 498 3138 praeclarae
518 3037 745 3122 admodum,
771 3052 810 3111 et
835 3037 882 3110 ab
901 3034 1156 3110 eruditissimis
1186 3053 1260 3138 atq.
1287 3039 1443 3138 optimis
1464 3041 1557 3115 viris
1583 3044 1621 3117 in
1646 3045 1747 3122 hunc
1775 3049 1893 3154 usque

283 3155 387 3229 diem
400 3153 720 3256 quamdiutillime
739 3153 977 3240 desideratae,
996 3168 1070 3253 atq.
1086 3180 1188 3228 nune
1197 3155 1368 3256 primum
1386 3158 1432 3231 ad
1448 3159 1699 3239 studiosorum
1716 3172 1893 3248 omnium

283 3273 488 3348 utilitatem
512 3271 713 3370 diligenter
737 3270 903 3346 excusae.
926 3315 974 3330 -
999 3273 1173 3343 Coloniae
1194 3271 1234 3344 P.
1265 3272 1455 3374 Quentell,
1481 3274 1554 3351 suis
1571 3278 1747 3381 impensls
1779 3315 1892 3365 excu-

282 3380 404 3465 debat
423 3380 544 3489 Anno
565 3389 855 3463 M.D.Xxx11.
878 3432 922 3447 -
946 3413 1035 3461 cum
1058 3387 1178 3488 gratia
1203 3404 1243 3462 et
1266 3391 1480 3492 privilegio.
1503 3438 1552 3452 -
1572 3398 1678 3474 Haec
1698 3403 1738 3477 in
1758 3404 1890 3486 fronte

230 3558 250 3572 ,
276 3507 382 3582 imbo
397 3504 548 3582 inclusa.
567 3505 630 3579 sol.
651 3506 733 3580 eod.
751 3506 786 3580 b.
806 3506 1023 3580 Theoderici
1032 3506 1130 3580 Loer
1146 3507 1299 3606 epistola
1314 3509 1462 3587 dedicat
1475 3513 1523 3587 ad
1534 3515 1727 3593 Henricum
1738 3525 1885 3626 Regem

276 3625 442 3724 Angltire
457 3666 509 3685 -
527 3622 591 3698 sol.
613 3622 696 3712 384.
713 3623 854 3698 finiunt
873 3623 1132 3699 enarrationes
1154 3641 1223 3700 etc.
1243 3668 1289 3684 -·
1310 3628 1445 3704 excuse
1477 3634 1652 3709 Coloniae
1666 3666 1737 3738 per
1755 3659 1824 3718 etc.
1838 3688 1890 3719 -‚

276 3742 418 3816 Petrum
440 3740 612 3844 Qucntell
627 3741 742 3814 Anno
757 3768 778 3815 a
795 3741 909 3816 natali
929 3741 1137 3816 Christiano
1158 3744 1209 3816 M.
1230 3743 1531 3843 quingentesimo
1552 3752 1740 3828 tricesimo
1759 3756 1890 3834 secun·
2038 3792 2047 3799 ·
2121 3758 2125 3766 ’

274 3861 323 3934 do
347 3860 453 3935 sexto
471 3858 660 3953 Kalendas
678 3858 914 3934 Februarias.
933 3858 1044 3932 Char.
1064 3858 1124 3931 lat.
1148 3858 1283 3954 glossae
1305 3887 1422 3959 marg.
1443 3849 1519 3939 soll.
1534 3867 1616 3942 383.
1640 3870 1724 3968 sign.
1742 3874 1781 3948 in
1801 3893 1886 3951 toto

275 3980 358 4078 392.
375 3978 439 4053 lin.
457 3977 516 4052 60.
543 3977 567 4051 s.

471 4117 601 4173 Panzeri
619 4116 725 4177 Annal.
745 4116 877 4192 Typogr.
897 4116 931 4171 T.
943 4113 968 4171 6.
985 4133 1013 4191 p.
1025 4110 1088 4188 (μδ.
1108 4114 1146 4170 Ν.
1158 4113 1225 4190 657.

376 4286 458 4364 505.
482 4327 534 4347 ·-
558 4287 606 4362 D.
624 4281 800 4386 Dionysii
816 4284 1111 4386 Cartlustaniin
1138 4311 1273 4361 omnes
1300 4287 1414 4360 Beati
1434 4288 1548 4363 Pauli
1561 4291 1743 4394 Epistolas
1765 4303 1888 4380 Com.

276 4400 485 4493 monteria,
512 4404 575 4481 cui
593 4403 750 4507 quidem
771 4402 811 4477 in
829 4402 1107 4504 componendis
1135 4401 1325 4488 sacrarum
1346 4406 1543 4484 literarum
1571 4411 1677 4489 libris
1703 4419 1768 4492 vix
1793 4424 1888 4499 alter

277 4522 405 4614 slmilis
418 4520 596 4621 successit.
615 4564 664 4580 -
682 4548 770 4601 curn
791 4521 911 4621 gratia
931 4537 968 4595 et
982 4520 1184 4621 privilegio
1202 4564 1252 4599 -r,
1285 4525 1459 4600 Coloniae
1473 4531 1574 4628 apud
1597 4533 1740 4608 Petmm
1767 4540 1886 4640 Quen-

277 4642 354 4715 tell.
374 4642 489 4715 Anno
511 4640 623 4723 ΜΛ).
636 4641 843 4742 XXXVll.
862 4681 901 4719 ,-
928 4639 1088 4714 Haecin
1107 4640 1235 4715 sronte
1254 4641 1372 4717 limbo
1400 4645 1607 4747 figurisque
1631 4652 1817 4728 decorata.
1838 4701 1885 4716 --

279 4758 343 4834 sol.
363 4759 446 4837 eod.
463 4759 502 4837 b.
527 4760 654 4836 Caroli
665 4759 786 4834 Ducis
803 4759 972 4834 Geldn'ae
989 4757 1153 4860 Epistola
1169 4759 1215 4835 ad
1233 4759 1433 4862 theologos
1455 4764 1706 4843 colonienses.
1727 4772 1789 4847 sol.
1806 4783 1885 4864 140.

1509 4885 1595 4957 Ue
