4320 5700
267 564 313 608 20
558 530 559 533 ‘
680 540 919 613 caratoous
944 553 1320 616 urnuoonanucus
1345 556 1469 613 univ.

271 731 471 832 patritium
489 732 747 806 venetum-
760 733 808 807 ad
829 735 944 808 finem
963 734 1027 808 sol.
1055 738 1131 832 ¹73·
1148 736 1184 810 b.
1202 735 1430 837 impressum·
1443 735 1609 808 venetiis
1632 760 1706 835 per
1724 737 1892 814 Banbo-

269 850 423 922 lomeum
441 848 618 923 deLam's
639 851 684 925 de
703 850 862 925 Penelei>
879 852 926 925 ab
945 853 1205 927 incarnatione
1220 855 1379 928 Domini
1396 853 1694 928 MCCCCCllll.
1707 855 1772 930 die
1792 884 1889 932 vero

269 967 362 1042 XX.
385 969 519 1044 mensis
540 970 630 1066 Maji
647 1011 697 1027 -
719 970 851 1069 insign
870 971 1041 1072 Typogr.
1066 972 1178 1045 Char.
1203 973 1308 1072 goth.
1335 955 1488 1047 minusc.
1506 973 1582 1046 soll.
1608 972 1686 1069 ¹73·
1710 973 1802 1073 figri
1824 975 1887 1064 tin

277 1088 334 1160 62.
354 1086 378 1159 s.
398 1113 447 1161 ex
464 1089 674 1162 collectione
685 1088 922 1162 Herbziuuna.

463 1229 613 1300 Peruenit
636 1229 669 1282 in
687 1227 794 1283 Arnai.
813 1228 946 1302 Typogr.
967 1225 1024 1282 hoe
1043 1246 1117 1303 opus
1134 1247 1194 1282 non
1212 1228 1337 1284 exhibet.
1358 1230 1458 1285 Mein.
1479 1231 1551 1285 ‘nn
1570 1250 1599 1304 p.
1612 1248 1672 1304 ¹7⁰·

992 1363 1155 1472 unu

365 1511 800 1613 so-Mzssaespeczirles
816 1514 987 1590 ecclesiae
1005 1516 1296 1614 Augustanae—
1308 1517 1491 1618 Sequitur
1508 1517 1886 1593 Calendariumcum

273 1631 427 1731 registro
450 1630 578 1705 insoll.
597 1658 630 1730 9.
648 1658 728 1706 non
747 1631 833 1731 sign.
850 1630 900 1696 ·'-·
929 1633 993 1706 sol
1014 1634 1041 1705 l.
1072 1633 1164 1706 Litt.
1193 1660 1288 1706 rom.
1314 1634 1400 1733 sign.
1420 1635 1555 1736 incipit
1574 1632 1670 1708 ordo
1691 1635 1780 1708 libri
1798 1635 1886 1710 mis-

271 1749 353 1826 salis
370 1747 537 1849 specialis
556 1749 762 1825 secundum
788 1751 911 1825 ritum
933 1749 1106 1825 ecclesiae
1124 1752 1364 1848 Augustenlis
1385 1738 1577 1827 dominica
1596 1751 1722 1852 prima
1750 1753 1791 1827 in
1808 1754 1889 1827 Ad·
1910 1743 1912 1746 ’

274 1881 391 1942 ventu
403 1908 452 1925 -
471 1866 518 1943 ad
537 1866 653 1941 finem
668 1867 731 1940 sol.
750 1869 808 1967 69.
827 1868 1036 1967 expliciunt
1057 1866 1182 1941 missae
1203 1869 1378 1968 speciales
1397 1870 1594 1968 impressae
1611 1869 1798 1967 Augustae
1816 1899 1888 1971 per

277 1983 481 2058 Erkardum
501 1985 642 2058 Ratold
657 1985 927 2084 Augustensem
946 1986 1070 2060 idibus
1093 1985 1237 2083 Aprilis
1256 1988 1370 2059 Anno
1390 1985 1549 2059 Domini
1569 1986 1824 2062 MCCCCCV.
1841 2030 1889 2046 -

278 2102 340 2178 sol.
361 2103 497 2179 eodem
517 2102 552 2179 b.
576 2103 702 2202 insign.
720 2104 892 2203 Ty'pogr.
914 2129 1001 2177 curn
1021 2101 1188 2176 versibus
1201 2102 1325 2176 solitis.
1355 2106 1467 2177 Char.
1485 2105 1588 2203 goth.
1601 2104 1730 2202 grand.
1751 2105 1889 2178 rubro·

278 2221 396 2321 niger.
417 2221 508 2295 Litt.
529 2218 660 2295 initial.
679 2220 783 2319 ligno
800 2221 943 2296 incisae.
971 2221 1113 2294 Charta
1136 2221 1328 2319 splendida
1355 2248 1427 2320 pro
1450 2237 1559 2322 parte
1578 2223 1789 2297 membran.
1810 2223 1889 2298 soll

283 2340 341 2437 93.
360 2338 423 2412 lin.
447 2343 504 2426 4¹·
526 2337 588 2411 sol.

473 2477 509 2530 ln
525 2475 656 2530 Panzeri
675 2474 779 2530 annal.
800 2477 932 2553 Typogr.
952 2476 986 2533 T.
997 2475 1023 2532 6.
1042 2496 1070 2551 p.
1084 2478 1144 2552 134.
1165 2478 1202 2532 N.
1214 2480 1259 2533 25.
1278 2477 1350 2539 haec
1365 2478 1455 2534 editio
1474 2478 1596 2551 (male!)
1613 2479 1645 2532 in
1661 2488 1720 2551 410.
1739 2477 1890 2534 exhibitur

573 2565 686 2623 excedit
701 2569 778 2624 enim
796 2568 883 2645 longe
900 2568 1022 2625 sormam
1041 2568 1107 2626 solii
1128 2571 1259 2625 minoris.
1280 2571 1395 2626 Confer.
1413 2567 1540 2647 Zopfius
1554 2572 1587 2625 in
1604 2570 1774 2645 Augeburge
1792 2571 1889 2626 Buch-

571 2657 854 2734 druclrergeschichte
879 2682 908 2737 p.
927 2673 987 2737 ²4⁰·
1008 2663 1046 2718 N.
1067 2683 1109 2735 17.
1126 2679 1154 2717 et
1171 2665 1202 2717 in
1218 2663 1324 2717 Annal.
1344 2665 1477 2738 Typogr.
1497 2661 1534 2717 N.
1544 2663 1590 2737 96.
1608 2662 1659 2716 ubi
1677 2663 1795 2735 quidem
1813 2679 1890 2718 reete

568 2770 728 2819 memorat,
744 2754 776 2809 in
799 2774 864 2830 pag.
888 2755 933 2834 69.
952 2756 1013 2830 legi
1032 2755 1117 2810 finale
1141 2755 1226 2829 supra
1242 2755 1350 2811 dictum
1378 2755 1550 2829 expliciunt.
1573 2755 1775 2810 Adnotandum
1794 2770 1889 2810 temen

566 2844 621 2914 eli,
638 2844 745 2902 missale
761 2845 817 2900 ltoc
836 2865 894 2900 non
912 2846 985 2900 solie
997 2846 1041 2921 69.
1061 2847 1107 2901 sed
1116 2848 1161 2922 93.
1178 2864 1205 2902 et
1222 2846 1338 2921 quidem
1347 2848 1455 2920 signata
1472 2846 1598 2902 eiusdem
1609 2847 1790 2912 characterie,
1803 2847 1887 2902 char-

567 2954 614 2995 tao
633 2954 660 2995 et
675 2937 856 2995 indubitatae
872 2938 1072 2994 cohaerentiae
1090 2941 1253 3007 continere;
1273 2941 1344 3012 quin
1358 2942 1419 2993 imo
1437 2939 1535 2994 addita
1553 2941 1617 2995 sunt
1633 2939 1734 3014 4ioli'a
1750 2938 1893 2995 membre·

570 3051 676 3098 nucea,
696 3050 769 3106 quae
785 3047 880 3089 tumen
899 3029 936 3087 ob
955 3031 1191 3106 inaequalitatem
1210 3033 1323 3089 chartae
1339 3054 1374 3090 ex
1392 3033 1450 3088 alio
1467 3032 1572 3090 niuali
1591 3034 1641 3093 hie
1661 3033 1800 3091 trurelatu
1813 3031 1895 3088 luisse

571 3123 714 3183 videntur.

378 3293 434 3363 51.
451 3291 632 3363 -Saacu‘
652 3293 784 3389 ssi'dori
797 3294 1020 3394 Hispalensis
1030 3297 1202 3395 Episcopi
1221 3295 1367 3369 libellus
1387 3297 1692 3398 soliloquiorum
1707 3296 1754 3370 de
1774 3322 1888 3395 angu-

287 3407 349 3483 uia
368 3422 406 3482 et
422 3404 568 3481 miseria
587 3408 762 3483 hominis.
776 3454 820 3470 -
841 3411 945 3484 Haec
966 3411 1002 3482 in
1027 3413 1152 3485 sronte
1172 3454 1221 3470 -
1239 3413 1300 3486 sol.
1321 3414 1404 3485 eod.
1428 3414 1462 3486 b.
1484 3413 1674 3512 praefacio
1694 3457 1742 3472 -
1768 3414 1831 3487 sol.
1854 3439 1886 3484 2.

285 3525 471 3628 incipiunt
488 3525 683 3630 soliloquia
695 3528 812 3602 -sol
833 3530 889 3603 28.
907 3528 968 3603 lin.
987 3529 1019 3603 3.
1033 3530 1187 3630 explicit
1204 3531 1299 3603 liber
1314 3508 1618 3630 soliloquiorum
1632 3532 1761 3606 Sancti
1780 3526 1889 3626 [stilo

283 3651 317 3726 η’
330 3646 556 3752 Hfiialeusrir
573 3647 746 3749 Episcopi
775 3648 820 3725 de
837 3648 999 3748 angustia
1018 3663 1056 3722 et
1076 3647 1222 3721 miseria
1241 3648 1426 3722 hominis:
1441 3693 1486 3704 -
1508 3649 1703 3749 impressus
1723 3649 1894 3747 Bafileae

286 3795 354 3872 per
373 3768 570 3842 lioneslurn
595 3766 785 3841 Nicolaum
805 3768 1017 3868 Lamperteu
1040 3767 1165 3840 civem
1183 3766 1427 3840 Bafiliensem.
1450 3767 1565 3842 Anno
1585 3768 1767 3842 milelimo
1784 3765 1893 3868 quin·

287 3887 493 3990 gentussmo
515 3884 660 3988 quinto.
688 3885 748 3961 die
767 3885 944 3986 vigesimo
966 3903 1101 3987 quartu
1120 3885 1284 3985 Augusti.
1313 3885 1424 3958 Char.
1445 3886 1546 3984 goth.
1569 3886 1721 3960 minusc.
1737 3885 1812 3959 soll.
1834 3885 1893 3981 28.

290 4006 352 4084 liu.
381 4009 436 4084 31.
465 4009 497 4083 8.

484 4147 612 4204 Paesuri
628 4148 659 4203 ln
678 4146 782 4203 hinni.
802 4148 934 4223 Typogr.
963 4144 982 4199 l.
1001 4164 1023 4198 c.
1044 4142 1098 4198 lioe
1114 4143 1303 4219 opusculum,
1327 4141 1461 4215 quamvis
1479 4141 1514 4195 ab
1530 4142 1619 4198 altero
1637 4127 1821 4206 distinctum,
1835 4158 1896 4195 non

579 4238 738 4313 specialiter
753 4238 888 4307 exhibet,
905 4238 951 4295 led
969 4236 1170 4294 verosimiliter
1190 4235 1238 4292 iub
1256 4234 1353 4318 additu
1372 4233 1514 4289 clausula:
1543 4255 1609 4290 cum
1627 4237 1688 4292 eius
1705 4234 1896 4308 Soliloquiis:

582 4332 805 4406 uttmpreltentlit.

390 4502 445 4576 52.
460 4540 506 4558 -
522 4497 674 4597 [seilonis
697 4498 742 4571 du
764 4499 1028 4573 summobono
1048 4514 1086 4573 et
1106 4495 1409 4596 soliloquiorum
1429 4496 1509 4571 eius
1530 4494 1591 4570 sol.
1610 4497 1748 4571 eodem
1759 4450 1896 4596 imago

294 4624 327 4697 S.
353 4618 480 4721 sstiluu'
495 4618 598 4720 liguo
618 4615 784 4691 incilit-
809 4616 870 4690 sul.
892 4643 925 4692 a.
941 4616 1072 4715 incipit
1093 4613 1187 4688 liber
1204 4612 1351 4715 primus
1372 4658 1406 4673 -
1424 4613 1485 4688 sol.
1509 4639 1587 4697 roo,
1605 4616 1639 4689 b.
1656 4615 1719 4689 lin.
1741 4615 1794 4688 13.
1812 4613 1898 4687 linit

295 4740 389 4818 liber
409 4739 544 4819 tertius
564 4754 602 4817 et
621 4735 776 4814 ultimus
800 4733 846 4811 de
872 4734 1017 4811 summo
1046 4732 1148 4808 bono
1172 4730 1299 4810 suncti
1323 4733 1453 4832 Iseilon‘
1472 4732 1699 4833 Hispalensis
1722 4729 1898 4833 Episcopi
