4320 5700
276 630 344 702 172
607 619 848 682 CATALOGUS
874 618 1250 680 msmocaarmcus
1277 618 1493 679 MDXXXVI.

269 802 375 876 Haec
400 799 440 874 in
460 800 586 876 sronte
616 846 663 859 -
691 801 885 900 praecedit
903 801 1066 901 Epistola
1096 800 1212 897 Velfii
1225 801 1272 876 ad
1289 802 1335 877 D.
1355 801 1498 876 Ioann:
1515 798 1561 873 de
1581 798 1708 871 Rome.
1731 840 1775 857 ·-
1795 797 1879 871 sinit

270 920 331 992 sol.
353 925 406 1008 14.
425 920 460 993 h.
479 919 543 996 lin.
564 921 622 993 28.
640 920 744 995 verb.
763 916 982 1019 plenillime.
1007 920 1119 993 Char.
1138 921 1198 994 lat.
1221 920 1297 994 foll.
1322 926 1376 1009 14.
1391 946 1472 993 non
1489 917 1575 1018 sign.
1594 917 1658 991 lin.
1677 916 1736 991 28.
1751 921 1783 1007 4.

462 1059 599 1134 Opuscul.
617 1048 779 1115 hucusdum
796 1077 857 1114 non
872 1059 1049 1125 recensitum,
1065 1057 1225 1133 exemplari
1242 1057 1338 1116 nostro
1357 1058 1439 1119 dccli.
1450 1056 1503 1115 sol.
1523 1056 1670 1113 ultimum.

366 1228 448 1301 566.
469 1271 514 1285 -
535 1229 656 1301 Sermo
673 1227 721 1302 de
739 1226 853 1326 digna
868 1227 1164 1328 Praeparatione
1181 1227 1308 1302 cordis
1325 1252 1397 1328 pro
1407 1225 1639 1328 suscipiendo
1650 1224 1887 1301 sacramento

269 1345 509 1421 eucharistiae
546 1348 590 1419 R.
626 1347 667 1419 P.
693 1345 851 1421 Mummi
881 1345 1021 1418 Luther
1049 1344 1308 1444 Augustiniani
1349 1339 1680 1443 Vuittenbergensis.
1712 1343 1888 1419 Haecin

277 1462 405 1539 fronte
424 1464 488 1537 sol.
505 1470 538 1553 4.
562 1463 624 1536 lin.
645 1463 705 1547 36,
720 1462 816 1535 finis.
835 1462 945 1536 Char.
967 1465 1026 1536 lat.
1045 1461 1239 1536 minuscul.
1257 1462 1334 1536 soll.
1352 1469 1385 1551 4.
1405 1489 1486 1538 non
1501 1462 1587 1561 sign.
1603 1461 1667 1536 lin.
1678 1461 1738 1560 37.
1756 1468 1790 1551 4.

470 1604 604 1658 Cochloei
627 1603 844 1657 Commentario
859 1602 894 1656 de
910 1618 964 1656 act.
983 1618 1010 1657 et
1027 1603 1126 1676 script·
1145 1605 1187 1660 M.
1206 1603 1336 1657 lutheri.
1354 1622 1383 1678 p.
1394 1602 1457 1657 521.

372 1774 454 1868 567.
483 1811 527 1829 -
555 1771 620 1844 Ad
639 1771 906 1870 Wolphangum
923 1724 1124 1844 Fabricrirm
1142 1774 1342 1881 captionem
1365 1762 1583 1870 theologiae
1607 1764 1842 1846 Doctorem'
1850 1786 1888 1846 et

273 1888 590 1963 concionatorem
613 1889 788 1985 Basilica.
818 1890 925 1961 Joan.
962 1890 1117 1962 Cellarii
1141 1888 1444 1988 Gnostopolitani
1470 1889 1644 1990 Lipsiae,
1687 1888 1890 1964 hebraicae

275 2006 426 2104 linguae
454 2006 672 2105 professoris
699 2005 746 2080 de
766 2031 857 2081 vera
883 2023 921 2079 et
939 2007 1117 2081 constanti
1138 2005 1231 2081 serie
1254 2005 1492 2105 theologicae
1518 2005 1786 2106 disputationis
1801 2008 1889 2106 Lp-

265 2124 372 2222 sicae
402 2124 563 2224 epislola.
591 2165 638 2180 -
665 2125 901 2224 Expurgatio
924 2125 1032 2198 Joan.
1062 2125 1175 2197 Eclii
1197 2122 1365 2223 theologi
1396 2121 1683 2223 Ingolstadz'enfl
1713 2123 1892 2201 adversus

280 2241 566 2316 criminationes
586 2243 626 2315 F.
646 2243 803 2315 Martim'
825 2243 950 2315 Lutter
976 2237 1273 2340 Vuitterzbergenſs
1300 2240 1446 2316 ordinis
1464 2242 1732 2317 heremitarum.
1761 2285 1809 2300 —
1833 2242 1897 2315 Li-

278 2361 411 2434 bellus.
430 2358 635 2433 candidum
655 2376 692 2433 et
710 2359 911 2459 syncerum
927 2360 1073 2459 postulo
1089 2359 1305 2432 Lectorem:
1318 2400 1360 2417 -
1371 2359 1477 2435 Haec
1495 2359 1536 2434 in
1547 2358 1676 2433 lronte
1690 2398 1741 2415 -
1759 2358 1825 2433 fol.
1841 2386 1892 2457 ¹7·

276 2479 313 2553 b.
335 2477 398 2551 lin.
418 2504 470 2551 11.
487 2477 583 2551 Joarr
601 2477 736 2549 Eclius
754 2476 983 2550 decretorun
1003 2491 1040 2549 et
1052 2475 1265 2575 theologiae
1284 2476 1438 2563 doctor,
1458 2476 1640 2552 minimus
1660 2492 1698 2551 et
1714 2473 1895 2577 indignus

280 2595 409 2671 servus
431 2596 480 2668 D.
494 2591 577 2691 Jefir
598 2591 733 2689 Christi
743 2594 829 2667 Deo
846 2594 976 2692 gloria.
994 2593 1104 2668 Char.
1130 2594 1191 2668 lat.
1211 2593 1366 2669 minusc.
1382 2620 1487 2671 num.
1507 2620 1626 2696 marg.
1643 2592 1724 2671 loll.
1741 2622 1795 2693 ¹7·
1816 2620 1897 2671 non

281 2714 581 2816 fign.hn.40.4.

470 2873 500 2910 v.
519 2853 606 2910 Eclii
618 2853 724 2929 scripta
741 2850 852 2907 duobus
871 2853 972 2909 Tomis
987 2852 1191 2929 comprehensa
1206 2854 1306 2933 etjam
1326 2853 1364 2911 Ν.
1375 2865 1440 2929 473.
1459 2870 1488 2911 ot
1506 2864 1571 2930 474.
1587 2848 1728 2911 indicata.

380 3026 462 3098 568.
486 3064 531 3079 -
558 3023 695 3095 Arator
710 3037 825 3121 poeta
852 3020 1139 3095 christianismus
1165 3021 1205 3093 in
1227 3037 1332 3096 actus
1356 3022 1641 3123 Apostolorum.
1659 3004 1708 3080 -·'
1725 3022 1836 3098 Haec
1861 3022 1902 3097 in

284 3140 411 3216 sronte
430 3142 500 3215 litt.
519 3138 722 3214 missalibus
741 3181 789 3198 -
809 3139 874 3213 sol.
893 3140 952 3238 59.
972 3139 1006 3212 b.
1031 3138 1094 3213 lin.
1116 3165 1173 3213 20.
1194 3138 1351 3239 explicit
1367 3139 1465 3214 liber
1482 3140 1662 3216 Amant.
1690 3138 1807 3217 Char.
1838 3140 1902 3216 lat.

284 3257 424 3358 splend.
442 3258 520 3332 soll.
539 3260 596 3356 59.
612 3284 692 3331 non
711 3257 797 3357 sign.
817 3256 882 3333 lin.
898 3283 955 3332 22.
971 3257 1097 3358 spatiis
1116 3257 1300 3356 interject.
1320 3262 1353 3346 4.

476 3395 579 3451 Editio
596 3395 758 3451 humidum
779 3414 839 3451 non
858 3396 995 3452 indicata.
1015 3416 1045 3452 v.
1066 3397 1182 3454 «sicheri
1204 3396 1279 3452 Lex.
1301 3393 1385 3452 erud.
1403 3396 1438 3453 Τ.
1452 3416 1475 3453 ι.
1494 3416 1523 3473 p.
1537 3396 1601 3471 496.

384 3565 467 3662 569.
490 3606 537 3622 -
563 3564 621 3634 De
645 3561 881 3661 disputatmne
898 3563 1116 3661 Lipsicensi,
1141 3579 1328 3665 quantum
1349 3564 1397 3642 ad
1413 3566 1581 3639 Boemos
1604 3565 1731 3640 obiter
1755 3565 1909 3643 deflexa

287 3689 346 3761 est.
372 3680 539 3783 Epistola
552 3681 769 3781 Hieronymi
783 3680 974 3777 Emser-
998 3680 1044 3754 ad
1062 3682 1345 3781 Aegocerotem
1364 3680 1616 3778 Emserrimum
1642 3682 1803 3757 Martini
1824 3682 1905 3759 Lu·

283 3805 383 3881 theri
395 3800 538 3878 additio
558 3816 626 3875 etc.
645 3840 695 3857 -
715 3800 820 3874 Haec
848 3798 888 3872 in
916 3798 1042 3875 fronte
1059 3826 1148 3875 cum
1167 3801 1297 3876 Armis
1317 3802 1418 3874 Hier.
1438 3800 1585 3899 Emseri
1598 3840 1645 3857 —
1665 3800 1730 3876 sol.
1749 3802 1805 3877 15.
1831 3802 1903 3882 tin.

288 3950 346 3998 20.
369 3922 467 3999 sinis.
484 3920 596 3995 Char.
616 3919 719 4019 goth.
740 3916 896 3994 minusc.
914 3918 992 3994 soll.
1008 3920 1061 3995 15.
1078 3945 1158 3993 non
1174 3921 1260 4020 sign.
1280 3917 1343 3993 lin.
1365 3916 1462 4010 41.'4

479 4081 510 4118 v.
530 4061 649 4118 Cochlai
663 4059 825 4116 Commeat.
844 4080 873 4135 p.
884 4061 947 4116 322.

387 4235 468 4329 570.
495 4275 545 4290 -
575 4233 685 4331 Casus
694 4231 872 4333 specr'alis
888 4228 1046 4303 Domini
1061 4228 1256 4300 Amanelli
1269 4228 1314 4301 de
1332 4228 1445 4302 claris
1462 4230 1568 4332 aquis
1584 4228 1714 4329 legum
1726 4226 1905 4307 doctoris

292 4349 598 4424 excellentissimi.
623 4393 661 4408 -
680 4351 880 4423 Tractatus
892 4345 1100 4420 Bartolide
1118 4344 1270 4419 testibus
1289 4361 1327 4421 et
1347 4373 1488 4421 eorum.
1498 4345 1903 4448 reprobationihus.-·

293 4467 439 4541 Textus
457 4481 494 4540 et
509 4466 608 4565 glose
626 4467 827 4565 fingulares
844 4481 882 4539 et
900 4464 1077 4567 speciales
1092 4463 1251 4537 Domini
1271 4464 1421 4538 Bartoli
1433 4460 1662 4565 BaldiAng.
1675 4464 1838 4541 Antonii
1851 4466 1901 4543 de
2012 4484 2016 4493 '

295 4588 438 4672 Batti),
456 4585 614 4682 Angelis
629 4586 673 4656 de
692 4583 829 4656 Aretiis
844 4599 883 4658 et
901 4585 1054 4656 Salr'ceti
1064 4581 1270 4656 secundum
1284 4583 1461 4658 ordinem
1475 4582 1664 4657 librorum
1680 4583 1789 4659 Juris
1806 4583 1902 4659 civi·

294 4707 339 4780 lis
357 4705 543 4779 succincte
564 4701 731 4775 collecte.
757 4703 807 4775 Et
830 4701 957 4800 primo
983 4699 1132 4774 codicis.
1148 4742 1199 4756 —
1219 4698 1332 4775 Casus
1358 4701 1397 4774 in
1417 4700 1554 4802 quibus
1575 4700 1692 4799 judex
1721 4700 1900 4777 secularis

296 4827 417 4925 potest
436 4850 571 4900 marius
591 4821 628 4895 in
654 4817 832 4920 personas
848 4818 1075 4896 clericorum
1096 4817 1197 4920 absq.
1222 4834 1328 4896 metu
1341 4817 1746 4901 excommunicationis
1771 4818 1897 4920 impo-
