4320 5700
267 620 315 690 60
673 635 912 695 curmontis
937 634 1312 697 mnuoonarrucus
1338 637 1477 695 nuxit.

267 812 393 885 cedit.
418 813 559 889 decreti
585 816 698 890 huius
727 814 983 918 plenillimum
1014 815 1304 892 fundamentum
1324 834 1393 893 etc.
1411 860 1461 874 -
1487 832 1525 891 et
1551 816 1691 917 insigne
1712 820 1881 921 Typogr.

284 931 516 1006 lielemnnm'
532 935 671 1007 Kenur.
690 977 732 992 -
754 935 858 1009 Haec
881 936 920 1007 in
937 934 1062 1008 fronte
1078 935 1207 1010 colore
1222 936 1455 1036 rubr-nigro.
1471 979 1522 994 -
1540 936 1602 1010 fol.
1621 939 1653 1010 5.
1681 937 1740 1011 82.
1763 939 1825 1013 lin.
1844 941 1887 1013 fi-

271 1077 363 1123 nem
380 1051 525 1151 accepit
542 1052 581 1125 in
598 1054 696 1126 alma
712 1052 898 1151 parisiensi
919 1052 1111 1127 academia
1130 1054 1300 1154 expenlts
1321 1070 1361 1128 et
1383 1081 1502 1155 opera
1521 1055 1703 1129 Iohannis
1725 1057 1822 1130 Petit
1844 1073 1883 1132 et

280 1168 518 1243 Thzelmanni
531 1171 665 1242 Kerver
676 1169 974 1270 bibliopolarum
989 1186 1058 1244 etc.
1078 1186 1116 1244 et
1131 1172 1285 1245 Ioannis
1306 1173 1469 1246 Calliber
1481 1173 1705 1249 mercatoris
1726 1175 1881 1274 Lugdu·

272 1286 310 1359 ni
327 1313 476 1362 moram
495 1287 689 1362 trahentis.
702 1289 817 1361 Anno
839 1287 962 1361 salutis
980 1287 1175 1362 millesimo
1192 1289 1490 1390 quingentesimo
1508 1293 1642 1392 quinta
1658 1292 1883 1367 dieJulii.-

270 1406 334 1479 fol.
359 1405 440 1479 583.
467 1407 651 1505 Sequitur
674 1420 878 1505 apparatus
903 1420 940 1478 et
963 1405 1002 1478 in
1021 1406 1095 1481 fine
1116 1407 1251 1480 adiecti
1270 1406 1356 1481 lunt
1380 1435 1545 1483 canones
1575 1408 1878 1509 poenitentiales.

267 1522 378 1598 Char.
395 1524 497 1622 goth.
515 1524 608 1598 min.
625 1523 880 1622 rubro-niger.
906 1523 1039 1623 glollae
1066 1524 1142 1598 foll.
1164 1524 1246 1598 582.
1274 1524 1359 1623 sign.
1380 1526 1420 1597 in
1443 1541 1527 1600 toto
1553 1529 1636 1623 627.
1665 1526 1728 1601 lin.
1751 1544 1879 1603 textus

274 1641 329 1713 53.
350 1657 554 1715 comment.
574 1642 631 1714 68.
654 1641 677 1713 f.

467 1782 595 1834 Pnnzeri
627 1780 729 1836 annal.
749 1781 880 1856 Typogr.
898 1782 932 1835 T.
943 1802 971 1855 7.
988 1800 1018 1855 p.
1027 1780 1092 1836 656.
1111 1781 1149 1836 N.
1159 1778 1223 1855 476.

374 1956 510 2046 174-
523 1950 639 2049 Opera
653 1949 865 2047 Vergiliana
884 1950 993 2024 docte
1009 1965 1045 2025 et
1059 1949 1292 2024 familiariter
1310 1949 1492 2048 expolita:
1514 1952 1625 2024 docte
1642 1951 1799 2051 quidem
1807 1952 1883 2026 Bu·

276 2067 394 2141 colica
410 2083 449 2141 et
468 2064 657 2166 Georgica
683 2095 705 2141 a
731 2069 870 2153 Servio,
901 2069 1066 2152 Donato,
1091 2068 1316 2141 Manct'nello
1342 2083 1380 2140 et
1406 2067 1522 2141 Probo
1551 2095 1702 2167 nupper
1734 2069 1886 2143 addito:

270 2212 362 2271 cum
381 2185 692 2260 adornationibus
709 2185 945 2260 Bervaldinis
962 2186 1195 2260 etc-Haec
1214 2184 1253 2257 in
1270 2184 1397 2258 fronte
1416 2211 1503 2258 cum
1521 2184 1652 2282 infigni
1668 2201 1819 2284 typogr.
1846 2203 1885 2260 et

272 2303 443 2403 inscript:
463 2303 553 2374 Iean
574 2303 730 2374 Pett't-
748 2302 943 2402 limboque
960 2301 1099 2402 lplend.
1133 2303 1256 2376 incil'o.
1280 2302 1344 2375 fol.
1364 2302 1455 2376 eod:
1480 2302 1514 2374 b.
1543 2303 1646 2376 Ioan.
1670 2304 1794 2377 Bada:
1814 2303 1882 2400 As·

272 2419 386 2517 censii
397 2419 558 2518 Epistola
573 2463 622 2475 —
639 2419 785 2493 Tabula
801 2418 1073 2493 Bucolicorum
1092 2436 1151 2493 etc
1166 2452 1214 2470 -
1232 2419 1273 2494 P.
1300 2421 1455 2519 Vergilii
1471 2420 1675 2519 praeconia
1690 2448 1762 2519 per
1782 2420 1883 2493 Lan·

273 2543 407 2612 dilium.
424 2580 473 2594 -
494 2551 816 2636 praenotamenta.
845 2537 909 2611 fol.
932 2565 961 2611 1.
993 2537 1078 2635 sign.
1102 2537 1292 2611 Bucolica.
1309 2581 1361 2597 -
1386 2538 1450 2613 fol.
1470 2539 1553 2611 206.
1581 2538 1644 2611 lin.
1667 2564 1725 2612 aa.
1752 2538 1879 2613 Habes

276 2657 391 2755 igitur
406 2657 595 2729 Juventus
622 2653 769 2754 optima
786 2654 998 2754 Virgiliana
1026 2680 1144 2754 opera
1171 2655 1407 2731 familiariter
1429 2657 1629 2755 explanata
1645 2698 1696 2713 -
1711 2654 1886 2756 imprella

275 2772 360 2849 lunt
376 2773 470 2848 hacc
486 2772 613 2847 rurlus
630 2772 675 2847 ab
697 2771 775 2871 ipso
794 2771 963 2869 Ascensrb
983 2773 1020 2845 in
1044 2773 1308 2870 Parrhzsrorum
1332 2773 1524 2849 academia
1549 2772 1596 2847 ad
1615 2773 1665 2847 X.
1697 2774 1886 2850 Kalendas

187 2979 192 2987 ἱ
275 2891 394 2966 Julias
412 2889 515 2963 Anni
534 2891 584 2963 M.
595 2891 641 2962 D.
655 2890 740 2961 Xll.
758 2889 869 2962 Char.
888 2890 949 2962 lat.
965 2890 1093 2987 grand.
1112 2890 1151 2963 in
1171 2907 1280 2964 textu
1296 2891 1387 2963 min.
1407 2892 1447 2965 in
1463 2916 1601 2973 comm.
1622 2889 1759 2988 glollae
1769 2892 1883 2989 marg.

267 3010 352 3101 loll.
374 3011 455 3099 aod.
470 3035 574 3083 num.
597 3007 660 3082 lin.
681 3010 737 3081 50.
754 3007 793 3079 in
809 3022 916 3080 textu
933 3007 991 3080 61.
1013 3007 1052 3081 in
1071 3034 1208 3081 comm.
1227 3008 1251 3080 f.

470 3146 572 3203 Editio
593 3164 666 3203 certe
685 3144 826 3203 rarilsima
841 3143 1045 3220 splendidaque
1066 3161 1191 3202 attamen
1211 3166 1228 3202 a
1245 3146 1328 3202 nullo
1343 3144 1547 3216 Analyllarum
1565 3145 1729 3203 ltucrudntn
1742 3146 1883 3203 κωπίω.

377 3315 457 3411 175.
473 3355 522 3369 -·-
541 3314 684 3414 Accipe
703 3314 956 3389 candidillime
975 3314 1116 3388 Lector
1141 3314 1308 3417 Philippi
1329 3316 1506 3390 Berualdi
1520 3314 1591 3389 viri
1623 3312 1822 3389 doctillimi
1847 3314 1887 3387 in

281 3433 423 3507 almum
438 3458 608 3506 aureum.
632 3433 674 3503 J..
693 3430 852 3532 Appulet'
876 3459 922 3505 ex
943 3431 1151 3531 Anhetypo
1173 3432 1417 3534 redimprella
1443 3436 1546 3534 (arte
1571 3432 1824 3545 [iugularique
1849 3430 1887 3504 in

282 3549 546 3649 imprimendis
572 3549 676 3621 libris
704 3547 906 3634 industria,
940 3549 1083 3621 honelli
1111 3549 1183 3623 viri
1199 3551 1362 3650 Magillri
1387 3552 1541 3626 Ioannis
1561 3550 1747 3653 Philippi)
1770 3550 1885 3624 Corn·

281 3668 466 3743 mentaria
480 3667 585 3769 quod
603 3667 626 3739 lt
643 3666 885 3767 probaveris,
904 3665 1062 3765 sperate
1082 3665 1190 3740 brevi
1210 3669 1279 3743 hac
1291 3666 1538 3743 venullillima
1554 3667 1697 3754 littera,
1719 3668 1888 3743 eiusdem

280 3787 507 3862 floridorum
523 3786 640 3859 libros
659 3811 746 3859 cum
764 3784 958 3886 plerisque
977 3783 1058 3857 aliis
1079 3783 1215 3886 Apulei
1237 3786 1573 3888 monumentisque
1595 3784 1889 3861 emendatillime

284 3905 585 3982 consecuturum.
599 3948 645 3961 -
658 3904 799 4003 Insigne
815 3912 966 4003 ty'pogr.
984 3902 1294 3978 liudofflomlen
1315 3906 1598 3979 venumdantur
1617 3904 1656 3977 in
1670 3903 1756 3979 vico
1772 3900 1887 3978 lancti
1969 4000 1972 4005 ι

284 4024 490 4099 Iacobt'lub
505 4023 722 4124 intersignio
740 4021 858 4096 trium
879 4046 1109 4095 coronarum
1133 4038 1172 4096 et
1194 4022 1342 4095 colonie
1360 4038 1464 4096 retro
1487 4022 1675 4097 maiorem
1699 4019 1889 4097 eccleliam

282 4142 350 4216 sub
370 4143 585 4241 interfignio
607 4142 770 4217 cuniculi
789 4140 890 4216 alibi.
908 4182 958 4197 -
978 4139 1082 4215 Haec
1098 4139 1138 4213 in
1151 4139 1277 4214 fronte
1293 4139 1361 4213 litt.
1380 4140 1482 4215 rubr.
1499 4140 1628 4240 nigris.
1641 4184 1686 4199 -
1704 4140 1889 4241 Sequitur

281 4259 446 4358 Epistola
471 4257 837 4360 Philippi'Bervaldi
856 4260 903 4333 ad
935 4257 1077 4331 Petrum
1099 4256 1326 4356 Archiepilc.
1354 4257 1628 4335 Colonienlem.
1646 4300 1696 4317 -
1723 4257 1786 4332 fol.
1804 4256 1887 4330 206.

282 4375 502 4477 imprellutn
517 4378 680 4452 Lutetiae
695 4363 911 4453 charactere
927 4376 973 4450 ad
991 4376 1151 4450 modum
1170 4379 1322 4448 venusto
1348 4376 1517 4476 expensis
1534 4374 1891 4451 Ludovrct'Homlen

286 4512 323 4569 et
342 4492 699 4593 Gottsrede'Hz'ttomt'i
711 4494 903 4567 sociorum
917 4493 1090 4567 virorum
1107 4491 1460 4589 integerrimorum:
1477 4494 1654 4569 industria
1669 4520 1763 4568 vero
1783 4518 1888 4567 cum·

223 4650 226 4655 ·
282 4617 418 4719 primis
436 4614 577 4688 honesti
598 4612 670 4686 viri
692 4611 856 4716 Magistri
874 4611 1027 4683 Ioanm's
1040 4610 1207 4709 Philippi
1219 4610 1332 4683 Anno
1353 4628 1502 4710 apartu
1512 4613 1685 4711 virgineo
1704 4610 1886 4685 milefimo

285 4733 584 4836 quingentesimo
598 4726 1018 4803 duodecimo-addita
1029 4732 1077 4799 est
1088 4727 1240 4825 epistola
1258 4728 1349 4801 loun
1363 4730 1534 4803 Ktarhett'
1545 4730 1593 4803 ad
1604 4729 1689 4802 Alb.
1702 4727 1888 4803 Truchles

287 4869 324 4925 et
348 4855 537 4951 Georgium
557 4851 754 4925 Goeler-
781 4844 1056 4924 vocabulorum
1084 4844 1196 4920 index
1223 4887 1273 4906 -
1304 4846 1417 4924 Char.
1448 4849 1509 4923 lat.
1537 4846 1666 4946 grand.
1693 4846 1734 4922 in
1761 4862 1888 4923 textu:
