4320 5700
686 628 926 695 aarauoaus
952 627 1519 714 arnnoonarn1oas-nnx111.
1697 598 1701 602 ’
1831 645 2001 732 ω’,

1010 807 1201 884 ΜΒΧΙΙΙ.

397 952 483 1028 655.
499 950 659 1028 Ruhn'ce
682 950 798 1026 brevis
821 965 862 1025 et
884 946 1075 1025 utilillima
1101 948 1244 1050 septem
1262 945 1539 1049 compendrofie
1567 963 1682 1050 atque
1704 955 1903 1054 perpetuis

196 1061 198 1065 ⁷
301 1071 471 1148 distincta
487 1071 686 1156 normulis,
704 1069 844 1170 quibus
861 1068 968 1166 juxta
983 1065 1239 1167 pataviensem
1255 1066 1426 1142 eccleliae
1445 1062 1565 1142 ritum
1581 1068 1621 1142 in
1644 1068 1813 1147 aduentu
1836 1073 1905 1149 do·

296 1190 451 1277 minico‚
474 1187 619 1275 orandi,
640 1181 828 1273 cantandi.
848 1184 1156 1286 anticipandique
1177 1184 1301 1272 series,
1329 1213 1404 1287 que
1429 1186 1541 1286 plane
1564 1203 1603 1261 et
1633 1188 1902 1269 ordinatillime

293 1309 475 1386 cernitur.
496 1311 602 1384 Haec
621 1309 661 1382 in
679 1308 806 1382 fronte
825 1307 846 1381 f.
872 1334 900 1380 1.
923 1333 945 1380 a
963 1305 1147 1406 Sequitur
1163 1303 1193 1380 f.
1210 1333 1240 1378 1.
1269 1304 1304 1378 b.
1332 1304 1495 1405 Epistola
1524 1304 1756 1384 dedicatoria
1781 1310 1902 1410 ignoti

299 1428 346 1504 ad
361 1426 715 1505 reuerendillimum
731 1426 773 1500 in
788 1425 934 1499 Christo
956 1424 1110 1526 Patrem
1128 1421 1390 1497 etDominnm
1407 1423 1600 1521 matteum
1611 1426 1902 1528 patavienfiseo-

293 1547 423 1621 clellae
440 1545 663 1647 pontificem
691 1542 1079 1644 pietillimum—foll.
1098 1568 1132 1616 2.
1155 1540 1291 1615 litteris
1311 1539 1448 1630 rubris,
1473 1540 1636 1642 qualiter
1660 1548 1904 1638 cantandum,

297 1664 583 1763 anticipandum
604 1679 673 1738 etc.
703 1662 787 1736 finit
812 1662 874 1735 fol.
893 1688 926 1760 9.
943 1662 980 1739 b.
997 1660 1061 1735 lin.
1091 1688 1122 1759 7.
1142 1657 1420 1760 †.‘imprellum
1440 1661 1602 1735 Wennae
1630 1689 1701 1762 per
1725 1663 1902 1741 Ioannem

300 1781 697 1880 Wnterhurgerelnno
713 1780 873 1855 Domini
891 1779 1076 1856 Milefimo
1104 1777 1407 1879 quingentefimo
1434 1778 1584 1857 decimo
1608 1781 1723 1856 tertio
1745 1783 1897 1862 Oct-avo

255 1951 257 1954 -
291 1900 475 1975 Calendas
492 1899 724 1977 Novembris
740 1899 892 1978 Caraot.
905 1898 1008 1998 goth.
1024 1896 1178 1972 minulc.
1195 1897 1273 1972 foll.
1289 1923 1324 1996 9.
1337 1923 1427 1972 cum
1440 1897 1577 1973 litteris
1596 1915 1634 1974 et
1652 1900 1766 1976 Num.
1778 1929 1897 2004 marg.

291 2018 365 2094 fine
384 2022 472 2094 culi.
481 2020 523 2093 ’8.
627 2052 629 2056 ·

485 2158 604 2214 Datisii
618 2153 984 2305 Buchdnboltergelcltielite
1001 2155 1114 2212 Wient.
1133 2174 1162 2229 p.
1179 2149 1223 2230 98.
1244 2153 1283 2210 Ν.
1304 2165 1356 2228 ²04
1379 2154 1509 2211 Panaeti
1530 2154 1636 2214 Annal.
1662 2158 1796 2235 Typogr.
1815 2162 1849 2217 T.
1869 2180 1896 2237 9.

576 2268 607 2325 p.
627 2259 671 2323 ²4·
686 2248 726 2304 N.
766 2268 790 2303 1.
865 2258 867 2264 '
933 2293 937 2300 .
1402 2288 1404 2292 .
1889 2291 1893 2297 ,

979 2415 1208 2493 M.D.x1v.

386 2527 471 2634 656.
486 2600 523 2616 -
550 2558 595 2630 ln
611 2555 741 2654 diesem
766 2553 910 2632 Buechl
930 2552 1007 2630 lein
1026 2556 1096 2631 alle
1123 2555 1202 2630 und
1220 2539 1327 2655 ¹yede
1354 2555 1468 2636 Stulte
1493 2555 1562 2631 der
1583 2557 1896 2661 Hochwiirdigeu
2036 2646 2038 2651 ,
2110 2573 2113 2582 ⁴

286 2675 517 2775 Hayltumbs
533 2675 601 2749 der
622 2673 758 2749 Zeiten
782 2673 873 2747 aller
890 2673 1079 2773 Heyligen
1095 2672 1386 2753 Thumlrirchen
1403 2674 1497 2751 Sant
1515 2676 1662 2758 stetten
1685 2676 1753 2757 d'er
1781 2679 1891 2760 stadt

296 2797 400 2868 Wien
430 2793 470 2868 in
491 2791 708 2890 Otfietreich
736 2790 955 2869 verbanden
977 2792 1058 2866 und
1078 2792 1202 2890 Alb-eg
1221 2793 1294 2865 den
1319 2793 1494 2871 nachsten
1518 2793 1663 2895 Suntag
1686 2799 1784 2876 nach
1809 2799 1896 2879 dem
2034 2835 2039 2843 ·

288 2909 460 3012 Ostertag
475 2910 621 2985 Jarlich
642 2908 742 3009 zeigt
759 2908 933 2983 werden:
950 2909 1039 2983 dem
1056 2911 1173 2984 nach:
1198 2909 1284 2984 dem
1317 2911 1417 2985 alten
1437 2911 1558 2991 Puchl
1580 2912 1633 2987 vil
1659 2915 1810 2994 Stuckh
1833 2917 1897 2996 die

288 3030 428 3104 erllher
449 3055 530 3105 zwe
550 3030 713 3115 lumen,
731 3027 810 3108 uad
830 3027 868 3100 in
889 3027 1009 3128 peller
1026 3028 1144 3102 Form
1167 3028 1304 3129 pracht
1328 3028 1488 3103 worden
1514 3030 1560 3109 ab
1586 3056 1659 3132 gen
1685 3031 1891 3134 algentlich

287 3147 542 3226 verzeichnet.
567 3148 682 3223 Anno
700 3145 861 3224 Domini
892 3147 995 3235 1514.
1021 3187 1066 3205 -
1085 3146 1190 3225 Haec
1216 3146 1256 3219 in
1278 3145 1403 3222 fronte
1431 3147 1560 3231 colore
1581 3149 1712 3234 rubro.
1732 3168 1771 3226 et
1792 3153 1895 3239 infra

284 3265 409 3366 imago
429 3265 467 3339 8.
488 3265 670 3368 Stephani
684 3291 772 3339 cum
789 3263 924 3339 litteris
945 3264 996 3341 Μ.
1009 3263 1264 3345 G.W.-lol.
1279 3290 1313 3337 2.
1336 3264 1507 3367 elliggies
1525 3267 1760 3348 cathedralia
1784 3271 1831 3348 ad
1854 3274 1894 3347 δ.

284 3384 501 3485 Stephanum
521 3411 597 3459 una
620 3409 709 3463 cum
727 3382 980 3482 designatione
1011 3380 1332 3480 indulgentiarum
1358 3382 1482 3462 forma
1507 3400 1546 3459 et
1568 3385 1689 3485 figura
1712 3389 1820 3476 atrii.
1848 3418 1895 3475 ex

283 3528 359 3602 quo
379 3501 598 3602 reliquiaria
615 3502 760 3602 populo
790 3499 1044 3588 ostenduntur.
1057 3499 1199 3575 -dein
1219 3498 1242 3574 f.
1263 3500 1299 3574 b.
1319 3502 1504 3601 Imagines
1524 3501 1623 3604 ipsae
1641 3505 1894 3611 reliquiarum

282 3619 383 3720 ligno
408 3619 553 3699 incisae
574 3646 661 3698 cum
682 3617 934 3720 explicatione
951 3645 1082 3695 earum
1108 3617 1325 3721 germanico
1347 3619 1529 3704 idiomate
1559 3622 1710 3724 aposita.
1733 3624 1797 3699 fol.
1833 3651 1887 3724 ¹9·

279 3738 510 3840 Martyrium
527 3739 564 3811 S.
584 3737 763 3837 Stephani
775 3736 1055 3812 Calendarium.
1071 3740 1140 3812 col.
1162 3737 1281 3812 rubro
1297 3754 1336 3811 et
1344 3737 1470 3839 imago
1490 3742 1723 3823 mortiscum
1734 3740 1888 3840 inscrip-

280 3858 385 3932 tione
409 3857 515 3932 inlra.
536 3856 589 3930 M.
611 3858 656 3929 G.
672 3861 740 3931 W.
759 3857 816 3931 all.
835 3855 1013 3929 Hernach
1034 3857 1139 3927 1502.
1155 3897 1201 3914 --
1214 3853 1297 3927 finit
1314 3855 1377 3928 fol.
1400 3859 1458 3930 26.
1481 3857 1517 3930 b.
1538 3858 1607 3932 auf
1629 3857 1702 3932 den
1726 3858 1887 3957 Montag

279 3978 376 4057 nach
392 3977 496 4052 Sand
510 3976 740 4073 Jakohstag‚
762 3973 800 4050 lo
831 4000 919 4051 man
941 3973 1039 4046 czelt
1060 3971 1159 4052 nach
1177 3968 1314 4066 Christi
1335 3971 1465 4052 uasere
1484 3974 1609 4055 Liebn
1639 3976 1791 4053 Herren
1812 3979 1888 4051 Ge-

275 4095 397 4169 burdt
420 4092 797 4171 lttnfzehonhundert
810 4091 889 4166 und
904 4090 968 4170 ein
982 4091 1077 4171 Jahr
1095 4133 1143 4154 -ι-
1162 4115 1230 4170 aut
1248 4087 1441 4170 {andnim
1456 4091 1585 4171 Fleilse
1602 4092 1682 4168 und
1710 4093 1888 4195 derlegen

278 4208 493 4305 Mathewsen
512 4207 723 4310 Heuperher
735 4209 831 4282 auch
849 4209 916 4283 der
936 4207 1023 4283 Zeit
1041 4207 1105 4282 des
1122 4207 1225 4305 Qate·
1241 4207 1322 4287 und
1342 4208 1491 4306 Burger
1521 4207 1671 4287 dalelbll
1700 4211 1886 4302 betracht.

278 4328 449 4427 angeben
471 4327 550 4401 und
567 4327 951 4426 zusammengezogen
976 4325 1056 4406 und
1073 4325 1271 4407 noohmalo
1297 4325 1371 4405 dile
1396 4324 1515 4404 Puchl
1531 4327 1629 4406 nach
1647 4328 1782 4404 Chrilli
1811 4335 1886 4406 Ge-

277 4447 400 4521 burde
419 4444 575 4521 taulend
593 4443 844 4525 lanffiundert
865 4445 944 4527 und
965 4470 1073 4545 away
1092 4444 1151 4542 jar
1172 4443 1296 4522 durch
1310 4442 1512 4518 Iohannem
1539 4447 1768 4546 Winterbnrg
1789 4451 1886 4523 auch

276 4567 423 4666 Burger
439 4562 581 4639 dalelbs
611 4592 658 4637 zu
680 4568 784 4638 Wien
802 4563 986 4664 gedaucat
1004 4563 1083 4642 und
1101 4589 1154 4642 au
1173 4561 1248 4644 end
1263 4562 1406 4641 bracht.
1429 4561 1540 4642 Char.
1567 4566 1671 4664 goth.
1685 4565 1884 4641 verisfimi-

272 4685 357 4760 liter
380 4684 460 4760 toh.
478 4681 749 4782 Winterburgi
768 4682 844 4765 loll.
861 4709 942 4760 non
954 4683 1039 4782 sign.
1060 4682 1118 4756 26.
1135 4681 1199 4758 lin
1216 4680 1462 4781 praelationis
1480 4681 1538 4781 39.
1558 4690 1591 4773 4.

463 4825 582 4884 amisit
591 4818 965 4898 annunciantium
980 4823 1095 4887 wine.
1111 4841 1141 4897 p.
1163 4839 1226 4883 ιω.
1245 4821 1283 4880 Ν.
1304 4815 1367 4883 toll,
1386 4836 1417 4883 et
1434 4820 1579 4987 magnit:
1601 4841 1629 4897 p.
1649 4823 1692 4878 ²5.
1712 4821 1750 4879 N.
1775 4820 1817 4880 16.
