4320 5700
679 607 921 666 carnosus
947 606 1322 667 muttottnartttcus
1349 608 1506 667 MDXIX.
1553 644 1555 649 ,
1827 621 1889 667 111

289 790 371 864 eius
389 786 670 888 disputationis,
692 787 799 862 XVl.
817 787 920 863 Julii.
933 828 979 847 -··
998 790 1103 864 Haec
1121 789 1251 863 omnia
1264 788 1303 861 in
1319 787 1445 861 fronte
1468 786 1586 860 limbo
1605 785 1894 861 circumdata-

293 909 357 981 sol.
379 907 463 993 eod,
485 906 519 980 b.
540 906 701 1007 Epistola
715 906 1040 1006 JacobiSprcgelii
1058 907 1105 981 ad
1121 904 1383 1005 Sigismaadam
1405 906 1616 978 Grammaitm
1632 903 1834 979 medicum.
1845 947 1894 963 -—
2048 970 2051 975 .

282 1025 353 1100 sol.
370 1024 434 1123 27]
445 1026 480 1098 b.
498 1050 545 1100 ex
564 1025 970 1128 officina'Qzsmandi
983 1027 1118 1099 Graiam
1129 1024 1532 1100 MedicinaeDoctoris
1548 1037 1661 1124 atque
1674 1022 1797 1098 Marci
1808 1026 1898 1096 Wir-
2000 1039 2003 1045 ·

279 1145 383 1243 sang
399 1144 494 1243 Arg.
518 1145 789 1218 Wbdelicoram.
816 1144 931 1218 Anno
949 1158 1017 1218 ete.
1032 1144 1140 1218 ΧΙΧ.
1159 1144 1270 1217 Char.
1290 1144 1351 1229 lat.
1364 1143 1441 1217 soll.
1457 1167 1605 1240 27.non
1613 1142 1702 1241 sign.
1715 1142 1778 1217 lin.
1788 1142 1846 1216 28.
1863 1147 1895 1230 4.
2016 1156 2020 1166 “

281 1299 286 1305 ·
485 1285 613 1340 Panaeti
631 1283 737 1340 Annal.
758 1283 891 1360 Typogr.
917 1286 953 1340 T.
971 1283 999 1340 6.
1017 1302 1047 1359 p.
1061 1280 1120 1340 256.
1141 1285 1178 1341 N.
1192 1283 1254 1339 262.
1275 1283 1365 1358 Zaps.
1384 1285 1419 1338 T.
1431 1298 1457 1339 2.
1475 1283 1580 1358 12225.
1602 1282 1641 1338 N.
1655 1281 1702 1337 35.

284 1542 286 1545 .
385 1453 467 1527 336.
481 1496 526 1512 -
543 1455 795 1529 Familiartiam
822 1454 1078 1557 colloquiorum
1088 1453 1300 1552 formulae,
1324 1452 1362 1525 in
1379 1453 1540 1552 gratiam
1562 1450 1769 1527 iuventutis
1787 1475 1893 1523 reco-

290 1571 414 1671 gnitae
438 1571 484 1645 ab
502 1572 653 1668 Erasmo
673 1575 969 1648 Haterodamo—
984 1573 1033 1645 Et
1059 1571 1131 1646 alia
1158 1572 1345 1671 quaedam
1365 1570 1625 1671 pereundem
1651 1586 1836 1644 autorem.
1850 1608 1896 1626 -

291 1689 447 1764 Lectori
476 1689 823 1788 hendecasyllabon.
837 1734 885 1748 -
906 1692 1011 1765 Haec
1037 1690 1084 1789 in
1103 1689 1285 1763 sronte'-
1313 1689 1443 1789 figuris
1465 1689 1651 1764 decorata.
1679 1685 1741 1760 fol.
1759 1686 1817 1760 26.
1832 1686 1895 1760 lin.

289 1807 347 1880 38.
364 1808 511 1907 Lipsiae
526 1833 574 1881 ex
593 1807 749 1883 aedibus
772 1812 961 1882 Valentini
979 1809 1212 1882 Schumanni.
1239 1808 1354 1881 Anno
1379 1806 1539 1882 Domini
1569 1808 1670 1904 1519.
1699 1803 1809 1906 Char.
1835 1806 1895 1878 lat.

283 1923 390 2021 gloss.
408 1949 525 2024 marg.
545 1925 623 1999 soll.
640 1928 699 2000 26.
718 1952 799 2001 non
817 1927 902 2027 sign.
914 1928 986 2000 lin.
1007 1926 1069 1998 sol.
1085 1927 1154 1998 ult.
1175 1926 1233 2022 39.
1246 1927 1276 1999 s.

283 2068 288 2090 ’-
388 2086 391 2091 «
481 2064 610 2120 raam·
625 2064 730 2119 annet.
750 2065 883 2140 typog'r.
901 2064 974 2137 ‘up
992 2061 1229 2137 p.2'1o.1t.724.
1258 2095 1261 2102 ·

388 2233 531 2330 337.-
543 2233 633 2305 Diri
650 2234 819 2332 Gregorii
832 2235 1056 2308 Nazanzeni
1068 2230 1206 2307 eruditi
1226 2231 1390 2332 aliquot,
1416 2247 1456 2305 et
1474 2230 1594 2305 mirae
1622 2229 1741 2329 srugis
1759 2229 1900 2306 sermo·
2002 2250 2005 2256 '

289 2377 357 2425 nes
376 2349 416 2424 in
432 2349 626 2426 Pascha·-
638 2352 678 2426 in
692 2352 837 2435 dictum
846 2350 1047 2440 Matthaei,
1057 2356 1154 2426 ‘cum
1169 2348 1458 2426 consummasset
1472 2348 1607 2425 Jhesus
1622 2348 1816 2424 sermones
1827 2350 1898 2424 hos

289 2483 357 2542 etc.
378 2468 566 2569 Cap.x1x.
589 2470 805 2545 -Laudes
836 2473 1013 2573 Cypriani
1034 2471 1226 2571 martyris.
1241 2509 1289 2528 -
1313 2471 1593 2569 Oecolampaa'io
1609 2470 1831 2571 interprete.
1848 2510 1898 2527 -

290 2585 426 2659 Oratio
449 2587 863 2690 Oecosampadti'habita
879 2588 925 2663 ad
944 2590 1100 2663 Clerum
1112 2587 1400 2688 Augustensem,
1423 2588 1470 2663 de
1482 2587 1779 2688 expostulatione
1793 2588 1897 2660 Chri·

274 2699 445 2799 sticum
463 2702 568 2776 Petro
591 2704 865 2780 absolutionem
891 2706 1033 2806 pedum
1057 2705 1270 2794 recusante,
1292 2733 1380 2780 cum
1407 2706 1608 2806 privilegio
1635 2705 1896 2806 imperiali-
2028 2768 2031 2776 .

267 2849 271 2855 ·
289 2822 395 2896 Haec
412 2823 452 2895 in
468 2822 596 2897 sronte
613 2822 731 2897 limbo
748 2839 952 2899 ornata-
968 2824 1031 2896 sol.
1062 2851 1095 2898 2.
1114 2824 1278 2924 Epistola
1298 2826 1576 2924 Oeoolampadii
1595 2824 1641 2898 ad
1670 2822 1900 2896 Chanradum

284 2928 398 3012 Thiara
416 2940 536 3040 Episc.
554 2940 926 3041 Herbipolensem-
949 2942 1011 3015 sol.
1037 2968 1095 3040 ²9·
1114 2942 1178 3018 lin.
1210 2970 1264 3041 ¹7·
1284 2942 1325 3016 in
1342 2942 1499 3016 officina
1520 2942 1897 3040 Stgtbmunda'Grimm

290 3058 503 3133 Medicinae
516 3060 699 3136 Doctoris
716 3077 755 3135 et
769 3060 893 3134 Marci
910 3057 1076 3159 Wrsurtg
1091 3058 1276 3159 Augustae
1304 3061 1566 3134 Vindelicorum
1586 3061 1702 3134 Anno
1719 3059 1894 3158 Virginei

289 3185 423 3274 partus
443 3177 494 3248 M.
504 3178 553 3249 D.
562 3178 672 3252 ΧΙΧ.
690 3178 751 3252 die
767 3179 897 3253 XXls.
916 3177 1049 3252 mensis
1065 3178 1167 3276 Maji.
1187 3180 1250 3253 sol.
1271 3179 1355 3252 eod.
1377 3177 1412 3252 b.
1434 3177 1574 3276 instgne
1592 3177 1720 3277 gentil.
1743 3179 1901 3252 Grtinmi

288 3306 327 3366 et
353 3289 554 3391 Wrsangii
569 3294 681 3368 Char.
699 3295 760 3368 lat.
783 3295 912 3393 grand.
930 3295 1065 3394 glossae
1080 3321 1196 3393 marg.
1217 3295 1294 3369 soll.
1312 3322 1369 3394 ²9
1391 3315 1472 3369 non
1489 3295 1574 3395 fign.
1601 3297 1667 3372 lin.
1692 3297 1749 3372 28.
1772 3303 1805 3386 4.
1831 3298 1896 3369 Ex

283 3412 497 3486 collectione
511 3411 750 3486 Harbiztana.

476 3483 1892 3672 PmawdwTypgthfip55.N.1.562aps.T...tap16..Nts.Mastt..T2..2p58.

378 3743 519 3817 338-
544 3744 711 3817 Udalrici
721 3741 883 3840 ZositL.
895 3743 940 3818 L.
950 3744 1133 3818 Doctoris
1151 3745 1388 3846 apologetica
1399 3743 1562 3819 desensto
1575 3760 1708 3819 contra
1719 3744 1895 3816 Ioannem

252 3899 257 3914 =
287 3863 446 3936 Ecltitm.
458 3861 703 3962 Theologum
721 3861 832 3961 super
850 3890 912 3949 ea,
928 3862 1034 3963 quod
1051 3863 1145 3935 olim
1161 3878 1343 3938 tractatus
1368 3878 1466 3948 erat,
1489 3888 1566 3962 quo
1584 3863 1669 3935 loco
1688 3859 1781 3934 bosli
1801 3860 1894 3934 fides

287 4008 365 4055 non
385 3980 472 4056 esset
488 3970 677 4056 servanda.
694 4024 738 4038 --
757 3981 917 4056 Videbis
938 3981 1059 4055 lector
1080 3979 1234 4053 >Bestiam
1253 3981 1349 4054 Jura
1375 3980 1501 4055 civilia
1516 4005 1594 4053 non
1614 3977 1810 4079 perspecte
1838 3977 1896 4052 in-

287 4098 535 4172 tellexisse-
556 4099 719 4177 Desensa
737 4100 873 4198 Magni
886 4096 1035 4195 Erasmi
1056 4096 1223 4184 assertio,
1250 4123 1366 4198 quam
1382 4096 1422 4170 in
1449 4094 1648 4194 elegantiss.
1665 4094 1821 4170 scholiis¹
1839 4094 1896 4170 su·

291 4243 362 4315 per
379 4215 538 4314 septimo
561 4217 722 4290 Matthei
735 4217 858 4321 capite
880 4218 1020 4292 docuit.
1037 4258 1087 4275 -··
1103 4217 1312 4316 Experiere
1333 4217 1468 4299 lector,
1486 4213 1782 4313 quamomnino
1796 4216 1897 4315 peri-

290 4333 364 4408 culi
382 4334 541 4431 plenum
556 4332 618 4419 stt,
638 4332 677 4406 in
698 4334 859 4410 alienam
878 4362 1081 4411 excurrere
1098 4333 1555 4437 professionem-Haec
1573 4331 1612 4405 in
1630 4333 1757 4409 fronte
1776 4334 1895 4410 limbo

288 4450 496 4551 figurisque
516 4466 659 4526 ornata.
679 4495 730 4510 —
755 4453 818 4527 sol.
844 4456 926 4530 eod.
954 4456 989 4530 b
1016 4450 1144 4555 Zapsti
1158 4454 1267 4555 Epist.
1287 4453 1334 4529 ad
1358 4452 1532 4527 Thomam
1558 4453 1787 4528 Blaurertiam
1807 4481 1897 4528 con-

289 4573 438 4644 stant-
456 4568 519 4644 sol.
541 4597 595 4667 7¹·
618 4570 681 4645 lin.
698 4595 758 4644 ι2.
776 4572 948 4670 Basilaae
967 4575 1067 4674 apud
1087 4575 1262 4648 Ioannem
1285 4573 1497 4646 Forbenium
1518 4571 1648 4650 Mense
1667 4570 1796 4648 Martii
1816 4572 1897 4643 An·

230 4729 234 4764 ;
289 4712 340 4764 no
362 4689 414 4764 M.
425 4689 474 4762 D.
484 4688 593 4762 ΧΙΧ.
611 4688 723 4764 Char.
738 4691 798 4765 lat.
817 4692 916 4790 gloss.
935 4720 1052 4794 marg.
1071 4693 1147 4767 sols.
1169 4720 1224 4791 71.
1243 4692 1331 4794 stgn.
1348 4692 1411 4768 lin.
1430 4693 1488 4768 26.
1515 4698 1548 4783 4.

479 4831 610 4889 Posteri
626 4829 731 4889 Annal.
751 4831 883 4909 Typogr.
902 4832 973 4890 To.
993 4849 1095 4911 pata.
1115 4835 1155 4894 N.
1164 4833 1228 4909 275.
1323 4806 1333 4860 ’λ
