4358 5694
638 622 878 683 esrauocus
904 620 1279 682 snuocnarmcus
1305 620 1489 679 unxuu.
1803 602 1870 677 103

247 802 363 878 huius
390 801 507 877 libelli
527 802 695 878 carmina
708 803 920 878 ediderunt.
941 847 990 863 -
1007 803 1070 877 sol.
1093 802 1149 901 34.
1169 799 1231 875 lin.
1254 829 1307 875 11.
1323 802 1385 876 fin.
1406 801 1517 876 Char.
1531 801 1590 876 lat.
1611 797 1686 872 soll.
1708 797 1765 887 34.
1786 822 1867 872 non

253 909 339 1022 hgn.
357 921 421 998 lin.
439 928 497 1011 24.
519 927 558 1019 :st-

449 1062 578 1116 Punzeri
595 1059 699 1116 Annal.
718 1060 852 1135 Typogr.
870 1060 904 1114 Τ.
916 1058 943 1115 6.
962 1061 1066 1134 p.152.
1086 1058 1125 1115 N.
1138 1056 1200 1113 132.
1232 1057 1319 1133 Zups
1329 1059 1401 1113 T.2.
1418 1077 1447 1133 p.
1467 1058 1529 1113 115.
1547 1057 1584 1113 N.
1597 1072 1640 1131 19.

351 1229 492 1319 304.-
509 1227 655 1326 hfiu‘du
684 1229 903 1329 Hieronymi
925 1228 1100 1302 Paduaut‘
1125 1226 1171 1300 ad
1198 1226 1471 1301 Reverendum
1495 1226 1535 1298 in
1552 1225 1698 1298 Christo
1718 1239 1868 1324 patrem

258 1348 458 1423 dominum
478 1347 621 1420 Petrum
647 1349 853 1422 Donatum:
879 1346 984 1419 urbis
1010 1345 1160 1419 Paduae
1182 1344 1399 1418 Praesulem
1426 1341 1691 1442 dignissimum.
1722 1341 1869 1441 szslae

260 1493 306 1542 ex
326 1464 483 1539 officina
499 1466 712 1538 Melchz'orr's
729 1465 943 1538 Lothert‘-
968 1461 1131 1537 Haecin
1153 1461 1279 1534 fronte
1304 1461 1372 1534 litt.
1394 1461 1541 1559 majusc.
1561 1461 1624 1533 sol.
1645 1462 1711 1534 ult.
1734 1458 1785 1532 13.
1807 1457 1870 1531 lin.

260 1610 319 1657 21.
338 1608 385 1657 ex
402 1581 559 1656 officina
575 1583 789 1656 Melchaebris
803 1581 957 1655 Lotherz'
973 1581 1087 1654 Anno
1108 1577 1269 1653 Domini
1284 1576 1469 1651 Mileslmo
1489 1576 1789 1678 quingentesimo
1805 1576 1870 1650 de-

260 1702 361 1778 cimo
380 1716 529 1780 octavo
558 1699 669 1774 Char.
691 1700 752 1775 lat.
770 1697 898 1799 grand.
921 1697 998 1772 soll.
1016 1724 1096 1770 non
1116 1697 1201 1796 fign.
1223 1697 1275 1772 13.
1299 1696 1361 1770 lin.
1380 1695 1437 1770 23.
1464 1702 1498 1784 4.

453 1839 536 1914 Opus
552 1837 756 1893 recenlioribus
772 1836 919 1927 Analyllis
938 1838 1132 1913 incognitum.

356 2008 499 2084 305.-
515 2009 677 2081 Secunda
687 2033 777 2108 pars
792 2005 982 2107 practicae
997 2005 1037 2078 in
1050 1984 1287 2106 professione¹
1297 2005 1512 2103 chirurgica
1527 2031 1602 2106 quc
1622 2000 1870 2103 compendio-

260 2124 298 2200 sa
312 2141 576 2225 nuncupatur:
596 2125 715 2198 totius
729 2124 943 2223 chirurgiae
956 2124 1203 2209 documenta,
1226 2150 1323 2223 quae
1343 2122 1382 2195 in
1399 2121 1551 2221 copiosa
1567 2121 1869 2221 slveprimapar·

260 2259 300 2316 tc
319 2241 451 2316 diffuse
467 2243 705 2342 explicantur
719 2239 936 2315 summatim
954 2242 1211 2340 complectens
1221 2244 1232 2312 i
1246 2239 1469 2338 nuperrime
1488 2239 1691 2338 compilata
1704 2235 1870 2312 slohun-

261 2361 386 2433 netiuo
403 2360 447 2431 de
470 2360 559 2458 Vrgo
578 2358 765 2433 Genuens.
784 2359 877 2433 olim
896 2359 993 2431 Julr'i
1005 2357 1157 2433 secundi
1175 2358 1268 2431 Pon.
1287 2356 1388 2431 Max,
1406 2385 1509 2432 nunc
1528 2383 1621 2432 vero
1641 2357 1749 2429 Sr‘xtr'.
1769 2353 1814 2428 T.
1829 2355 1868 2427 8.

260 2477 303 2551 Ρ.
322 2476 368 2551 ad
381 2476 534 2550 vincula
552 2475 739 2551 Cardinal.
759 2477 1039 2552 Sacro-sanctae
1055 2478 1125 2550 R0.
1145 2502 1199 2551 ec.
1216 2474 1530 2550 Vicecancellarii
1548 2475 1746 2571 chirurgo:
1760 2472 1870 2569 Quae

267 2593 425 2694 quidem
442 2592 547 2666 libris
562 2591 731 2693 quinque
756 2600 968 2670 conflarent
992 2594 1132 2693 infigne
1153 2591 1405 2693 calcographi
1432 2594 1615 2668 Vritceutu'
1628 2593 1673 2666 de
1692 2591 1867 2664 Portuna-

261 2712 387 2783 n't's-
401 2709 500 2785 insra
517 2737 605 2784 cum
624 2712 842 2811 Privilegio.
854 2755 902 2774 --
916 2713 1022 2787 Haec
1044 2712 1084 2784 in
1103 2711 1295 2784 fronte-
1320 2710 1384 2783 sol.
1404 2716 1462 2799 4ο.
1489 2711 1552 2784 lin.
1572 2711 1629 2783 28.
1650 2707 1870 2808 impressum

260 2828 437 2926 Lugduni
451 2828 491 2900 in
506 2829 660 2902 aedibus
682 2830 782 2903 Ioau.
795 2831 839 2904 de
853 2830 1091 2932 Cambray-
1107 2829 1222 2902 Anno
1233 2826 1433 2925 aVirginis
1443 2842 1556 2927 partu
1563 2826 1749 2901 Mileslmo
1760 2825 1872 2927 quin-

265 2945 471 3044 genteslmo
496 2946 572 3019 duo
598 2946 644 3020 de
669 2947 869 3045 vigeslmo‚
897 2947 1030 3022 mensis
1054 2946 1280 3022 Decembris
1305 2946 1366 3020 die
1389 2944 1567 3044 vigesimo
1586 2960 1735 3045 quarto.
1756 2944 1872 3044 Regi·

262 3065 387 3138 llrum.
405 3063 511 3164 Seqs.
528 3062 666 3139 tabula.
692 3064 805 3138 Char.
823 3066 925 3164 goth.
945 3065 1080 3140 minut.
1098 3065 1175 3140 soll.
1194 3065 1280 3164 fign.
1298 3070 1355 3154 4ο.
1375 3063 1415 3137 in
1431 3078 1514 3137 toto
1532 3069 1590 3151 42.
1609 3062 1672 3137 lin.
1695 3065 1753 3153 54.
1780 3070 1814 3154 4.

452 3201 556 3257 Editio
572 3201 646 3257 haec
660 3201 802 3257 rarissima
820 3205 853 3258 in
868 3203 1001 3260 snalibus
1018 3204 1114 3279 script.
1137 3202 1281 3278 Bibliogr.
1305 3202 1454 3277 hucusque
1477 3221 1538 3258 non
1553 3202 1705 3261 iuvenitur
1720 3203 1863 3259 recensita.

553 3293 670 3349 Confer.
688 3294 778 3349 Num.
795 3296 976 3369 praecedens.
994 3293 1052 3351 Sub
1069 3298 1156 3351 Anno
1173 3293 1255 3351 1516.
1801 3290 1804 3297 ’
1839 3292 1842 3297 ’

358 3460 441 3536 306.
453 3503 503 3521 -
521 3462 566 3536 R.
578 3458 617 3535 P.
631 3461 855 3561 Bereugarzi'
868 3461 1155 3565 Archiepiscopi
1176 3462 1469 3563 Compostellani
1491 3463 1588 3551 liber
1603 3465 1811 3540 succinctus
1831 3482 1870 3541 et

263 3579 359 3655 mire
384 3578 555 3654 succosus
585 3580 630 3671 de
651 3581 850 3683 eventibus
871 3606 1021 3655 rerum:
1046 3580 1094 3656 ad
1115 3581 1306 3657 sermones
1334 3582 1546 3682 plurimum
1564 3584 1812 3658 conducibilis
1830 3601 1871 3659 et

259 3696 473 3772 fructuosus
499 3697 740 3798 praedicator
762 3697 934 3800 quisquis
960 3726 999 3773 es
1018 3699 1100 3798 lege
1119 3715 1158 3773 et
1172 3698 1318 3774 senties.
1332 3742 1382 3756 —
1401 3701 1507 3774 Haec
1527 3700 1566 3773 in
1591 3701 1717 3774 fronte
1739 3702 1870 3799 figuris

258 3831 393 3889 ornata
405 3814 529 3915 -··sol.
546 3817 604 3889 25.
623 3814 685 3890 lin.
708 3816 761 3890 13.
782 3817 823 3890 in
839 3817 993 3890 officina
1009 3814 1203 3890 excusoria
1220 3817 1348 3889 Ioanu.
1367 3817 1496 3891 Miller
1511 3815 1696 3915 Augustae
1718 3819 1868 3889 undeli-

257 3955 375 4004 corum
393 3934 497 4006 Vlll.
516 3932 676 4008 Kalend.
702 3933 860 4009 Octobr.
878 3934 994 4007 Anno
1012 3933 1202 4007 salutifero
1226 3935 1280 4007 M.
1291 3934 1337 4007 D.
1348 3934 1491 4009 XVlll.
1521 3936 1633 4009 Char.
1658 3934 1761 4033 goth.
1790 3933 1868 4006 soll.

261 4048 320 4122 25.
337 4048 424 4147 fign.
444 4048 511 4159 lin.
527 4049 586 4150 39.
614 4057 648 4141 4
674 4053 738 4124 Ex
755 4052 965 4127 collecttbne
976 4049 1215 4124 Herbr'zz'aua.

453 4187 581 4245 Panzeri
599 4188 707 4245 Annal.
725 4191 858 4267 Typogr.
876 4192 912 4246 T.
922 4191 948 4246 6.
967 4211 996 4266 p.
1007 4202 1068 4266 ¹49·
1088 4190 1127 4246 N.
1143 4189 1205 4246 125.
1228 4190 1317 4264 Zups.
1337 4148 1373 4245 T.
1385 4205 1411 4245 2.
1429 4210 1458 4266 p.
1471 4144 1532 4245 in.
1552 4189 1590 4245 N.
1602 4189 1647 4246 26.

361 4351 445 4450 307.
457 4394 504 4411 -
527 4356 787 4431 commearant·
802 4359 842 4434 in
860 4360 1002 4461 septem
1022 4359 1229 4458 Tragedias
1249 4359 1458 4460 Sophocles:
1480 4387 1578 4460 quae
1604 4386 1651 4436 ex
1678 4361 1760 4435 aliis
1790 4364 1872 4438 eius

266 4472 532 4574 compluribus
562 4474 703 4552 iniuria
730 4492 952 4580 temporum
976 4477 1130 4564 amissis,
1147 4477 1244 4552 solae
1261 4476 1546 4577 superfuerunt:
1573 4506 1670 4579 opus
1689 4481 1871 4554 exactilli-
1966 4564 1969 4569 ,

267 4617 396 4677 mum,
416 4590 720 4696 rarissimumque
736 4595 776 4670 in
787 4596 991 4697 Gymnasto
1004 4594 1179 4671 Mediceo
1195 4596 1386 4669 Caballz'ui
1394 4597 1536 4671 montis
1547 4597 1872 4671 aLeoueDecimo

266 4708 377 4783 Pont.
405 4710 507 4786 Max.
528 4711 729 4787 constituto
755 4715 1016 4813 recognitum,
1039 4731 1388 4816 repurgatumque,
1423 4732 1542 4815 atquc
1559 4715 1606 4788 ad
1627 4739 1872 4786 communem

267 4825 738 4910 studiosorum-uilitatem
756 4832 796 4906 in
819 4832 986 4932 plurima
1006 4835 1238 4935 exemplaria
1266 4834 1428 4921 editum,
1456 4859 1536 4909 non
1555 4831 1629 4906 fine
1648 4830 1871 4935 privilegio:
