4320 5700
661 644 901 708 carsioous
927 642 1313 703 eranoanarrucus.
1341 608 1497 703 nnxni.
1837 637 1882 728 67

276 848 351 934 pta.
378 830 535 931 Respice
555 844 593 903 et
614 833 717 913 eme,
734 826 867 900 senties
886 850 948 897 me
972 849 1051 896 non
1068 822 1171 897 fuisse
1188 825 1403 898 mentitum.
1428 867 1479 883 -
1499 823 1628 924 lnfign.
1658 815 1794 902 domus
1814 826 1886 901 Ba-

278 950 447 1026 varicae:
480 947 584 1021 fratr.
610 944 713 1018 illust.
735 941 923 1040 Principis
952 940 1145 1013 Wilhelmi
1166 942 1347 1016 Bavariae
1380 941 1498 1016 Ducis
1524 960 1751 1042 praeceptor
1776 946 1887 1019 Ioan-

188 1068 192 1076 '
275 1094 342 1140 nes
359 1066 558 1139 Aventinus
575 1063 627 1136 M.
648 1062 780 1159 (vulgo
806 1057 1031 1131 Tunnaz‘rde
1054 1056 1392 1158 Abenspergdictus
1407 1059 1534 1132 edidit.
1558 1060 1746 1135 Slludiolo
1764 1088 1888 1161 gram-

279 1182 438 1257 matico:
467 1169 619 1253 disticha
652 1178 747 1252 duo:
773 1219 823 1233 —
848 1167 1021 1249 Haecin
1050 1176 1188 1251 sronte.
1216 1218 1265 1234 -
1295 1174 1467 1250 sol.'eod.
1497 1177 1532 1250 b.
1564 1179 1726 1277 Epistola
1755 1179 1886 1255 Ionan.
1970 1207 1975 1215 ·

277 1301 402 1373 Arent.
429 1298 477 1373 ad
505 1296 697 1371 studiosos.
723 1337 769 1352 -
792 1295 854 1367 sol.
885 1299 941 1382 44.
975 1293 1039 1365 lin.
1071 1296 1124 1367 15.
1157 1290 1376 1393 impressum
1413 1293 1691 1396 diligenterque
1721 1297 1888 1372 revisum

275 1416 526 1515 Non‘nbergae
559 1413 703 1516 oppido
736 1409 922 1511 imperiali
961 1411 999 1519 in
1029 1409 1185 1485 officina
1212 1409 1357 1484 domini
1389 1410 1569 1486 Iohannis
1595 1401 1891 1514 'Wezffinberger

278 1535 339 1609 die
359 1534 509 1609 decimo
532 1547 669 1632 quarto
685 1529 823 1604 'rnenfis
838 1530 992 1603 Januar.
1016 1529 1130 1602 Auno
1148 1526 1272 1604 salutis
1296 1527 1397 1604 1513.
1417 1526 1502 1628 sign.
1524 1531 1693 1631 Typogr.
1704 1534 1739 1606 J.
1758 1533 1804 1608 H.
1815 1537 1885 1608 W.

277 1648 387 1727 Char.
405 1649 508 1750 goth.
529 1649 605 1736 foll.
623 1655 680 1737 44.
699 1674 778 1720 non
795 1671 900 1720 num.
921 1646 984 1719 lin.
1005 1645 1062 1745 39.
1082 1650 1115 1734 4.
1160 1751 1163 1758 Ι

472 1789 601 1846 Panaeti
616 1785 722 1842 Annal.
745 1787 877 1860 Typogr.
896 1787 930 1840 Τ.
949 1784 975 1840 6.
994 1804 1022 1860 p.
1042 1784 1107 1858 452.
1123 1784 1162 1840 N.
1174 1782 1227 1860 93.

249 1942 253 1957 ’
376 1956 693 2056 193.-Paul1ina
713 1953 761 2027 de
775 1968 879 2028 recta
890 1951 1051 2028 Paschae
1065 1953 1318 2027 celebratione
1339 1969 1377 2056 et
1401 1953 1447 2027 de
1470 1953 1530 2030 die
1546 1955 1723 2057 passionis
1742 1959 1889 2040 domini

275 2076 389 2150 nostri
408 2074 497 2149 Jesu
517 2071 837 2148 Christi-Haec
856 2070 895 2143 in
917 2070 1052 2144 fronte.
1070 2070 1141 2144 litt.
1161 2071 1280 2168 majus
1300 2113 1368 2145 .-
1386 2070 1449 2144 fol.
1468 2073 1550 2148 eod.
1573 2074 1608 2148 b.
1635 2075 1884 2178 Privilegium

275 2191 437 2292 impress.
460 2192 617 2265 aLeone
636 2190 783 2263 decimo
810 2188 957 2261 auctori
980 2187 1098 2261 Paulo
1126 2189 1172 2262 de
1188 2188 1438 2286 Ilsziidelburgo
1456 2191 1596 2264 Romae
1620 2195 1721 2269 1513.
1753 2196 1886 2272 datum

276 2335 364 2384 cum
379 2308 508 2406 insigni
526 2305 865 2380 Pontificio-sol.
885 2333 918 2377 2.
944 2304 1132 2379 Praefatio
1160 2305 1325 2380 auctoris
1344 2306 1390 2380 ad
1413 2308 1571 2382 Leonem
1601 2309 1711 2386 Pont.
1740 2311 1884 2390 directa

276 2444 345 2502 etc.
361 2470 411 2484 -
428 2425 491 2500 sol.
512 2425 565 2497 13.
583 2424 618 2496 b.
637 2423 724 2496 libri
745 2423 790 2496 de
808 2420 968 2497 Paschae
990 2422 1243 2498 celebratione
1264 2423 1451 2524 incipiunt
1464 2451 1552 2501 cum
1568 2427 1685 2503 limbo
1704 2429 1883 2531 splendid.

278 2543 393 2617 inciso
414 2587 456 2600 -
474 2547 554 2641 post
580 2557 729 2641 partem
754 2539 920 2638 primam
941 2539 1093 2613 initium
1119 2538 1292 2638 epistolae
1317 2543 1482 2617 auctoris
1509 2543 1556 2618 ad
1580 2547 1883 2624 Maxrmz'lr'enum

274 2662 441 2759 Regem,
464 2656 536 2732 alio
556 2658 674 2732 limbo
693 2684 812 2758 aeque
831 2655 1026 2755 splendido
1046 2655 1240 2730 inclusum.
1268 2656 1292 2730 f.
1310 2658 1393 2757 395.
1412 2659 1446 2733 b.
1470 2660 1532 2735 lin.
1546 2665 1578 2736 6.
1592 2664 1810 2765 impressum
1818 2671 1884 2742 Fo-

273 2802 314 2852 ro
330 2777 535 2876 Sempronii
549 2801 620 2875 per
636 2774 876 2875 spectabilem
892 2775 1020 2849 virum
1041 2774 1274 2858 Oetavznnnrn
1298 2773 1490 2850 Petrunirm
1512 2779 1635 2855 civem
1648 2783 1750 2857 Foro
1773 2786 1882 2860 Sem-

274 2893 516 2995 proniensem
542 2890 798 2991 impressoriae
825 2891 916 2966 artis
947 2889 1211 2990 peritissimum
1241 2891 1355 2965 Anno
1377 2894 1538 2969 Domini
1564 2899 1615 2972 M.
1625 2899 1672 2972 D.
1685 2901 1791 2977 Xlll.
1821 2904 1882 2980 die

277 3027 411 3084 octava
429 3007 522 3083 Julii
544 3034 632 3082 cum
648 3004 854 3105 Privilegio
880 3035 900 3081 a
919 3005 1067 3081 summo
1091 3007 1276 3083 Pontifice
1301 3010 1424 3084 Leone
1450 3012 1598 3088 decimo
1619 3020 1766 3092 auctori
1788 3048 1881 3121 ope·

276 3128 328 3199 ris
344 3125 513 3201 concesso
532 3141 658 3200 etc.-
675 3123 801 3221 insign.
821 3124 991 3223 Typogr.
1013 3125 1148 3199 litteris
1171 3126 1217 3200 Ο.
1234 3126 1275 3199 Ρ.
1293 3127 1332 3201 F.
1350 3127 1461 3202 Char.
1478 3155 1573 3229 rom.
1595 3135 1714 3232 grand
1732 3165 1804 3243 per
1820 3158 1880 3215 to-

276 3259 369 3317 turn.
397 3243 488 3316 Litt.
509 3242 589 3314 init.
607 3241 735 3338 grand.
755 3238 854 3312 ineis.
876 3239 950 3313 soll.
971 3241 1053 3338 395.
1071 3267 1150 3314 non
1168 3242 1252 3340 sign.
1275 3243 1338 3316 lin.
1358 3244 1416 3343 39.
1445 3245 1469 3320 s.

468 3380 598 3437 Ponzeri
610 3377 715 3432 Annas.
735 3374 867 3452 Typogr.
890 3376 923 3429 T.
933 3398 960 3449 7.
986 3396 1015 3452 p.
1033 3379 1079 3434 50.
1104 3380 1143 3434 N.
1165 3400 1189 3434 1.
1208 3382 1308 3437 Mein.
1332 3385 1367 3440 T.
1387 3399 1413 3439 2.
1432 3405 1460 3460 p.
1480 3398 1542 3460 ψ.
1567 3406 1685 3465 propter
1702 3394 1880 3468 splendorem

567 3469 754 3544 impressionis
771 3483 798 3524 et
814 3469 908 3523 etiam*
919 3467 1035 3527 chartae
1050 3469 1109 3526 boc
1125 3489 1198 3554 opus
1214 3473 1290 3528 inter
1304 3475 1457 3535 rarissimas
1475 3478 1615 3539 editiones
1638 3487 1763 3545 excellit.

1736 3564 1741 3591 s

267 3720 271 3728 ¹
374 3648 509 3740 194-
527 3637 753 3712 Allmanacd
770 3662 872 3711 nova
886 3636 1062 3738 plurimis
1080 3641 1187 3716 annis
1214 3645 1386 3719 venturis
1412 3644 1654 3728 inservientia
1679 3683 1750 3756 per
1766 3660 1880 3736 Joan-

273 3784 356 3832 nem
375 3758 640 3856 Stofflen'num
654 3753 926 3854 Jultingensem
938 3772 976 3830 et
987 3756 1155 3831 iacobum
1172 3756 1363 3850 Pstaurnen
1373 3764 1594 3842 Ulmensem
1610 3774 1881 3850 accuratissime

273 3877 473 3977 supputata
485 3892 522 3951 et
532 3875 603 3950 toti
615 3874 694 3948 sere
711 3875 878 3974 Europae
891 3873 1025 3948 dextro
1036 3873 1169 3974 sydere
1180 3875 1383 3975 impertita.
1396 3922 1440 3940 -·
1459 3883 1565 3959 sola.
1581 3888 1744 3986 Epistola
1753 3894 1880 3991 stoeffi

275 3996 442 4066 leniri—
457 3994 520 4088 sol.
539 3994 572 4067 3.
591 3993 698 4066 Joan.
718 3992 764 4065 de
782 3991 905 4065 Monte
916 3991 1022 4085 regio
1041 3992 1337 4068 commentarius
1358 4022 1447 4071 cum
1464 4000 1576 4075 addit.
1595 4003 1877 4107 Joandloeffle-

276 4113 407 4182 n'nz'-
421 4110 483 4184 sol.
513 4111 565 4182 18.
591 4135 715 4182 canon
740 4109 787 4184 de
815 4107 992 4181 domibus
1008 4108 1112 4181 coeli
1142 4108 1432 4186 fabricandis-
1452 4116 1515 4191 fol.
1536 4119 1593 4218 39.
1613 4121 1676 4195 lin.
1695 4124 1728 4198 3.
1752 4125 1880 4205 Petnes

274 4218 521 4322 Lt‘csrtenstein
547 4224 779 4299 Colonienfis
797 4251 999 4325 germanus
1019 4225 1067 4300 ad
1086 4252 1289 4314 commune
1308 4227 1453 4304 bonum
1477 4249 1514 4307 et
1534 4220 1782 4339 commodum
1809 4246 1879 4324 itess

274 4370 364 4419 rum
383 4341 568 4442 impressit
589 4339 707 4415 diaria
732 4343 945 4417 coelestium
973 4359 1150 4418 motuum
1175 4345 1420 4422 aclarislimis
1438 4354 1571 4431 nostris
1588 4363 1777 4456 germanis
1799 4368 1878 4440 edi-

273 4480 331 4548 ta,
349 4489 369 4535 e
386 4486 490 4533 novo
508 4485 626 4560 quarn
642 4459 934 4535 emendatissime
951 4457 1140 4560 prodeant
1161 4461 1200 4534 in
1211 4488 1297 4538 oras
1308 4464 1423 4540 Anno
1441 4469 1612 4570 Virginis
1623 4496 1756 4576 partus
1774 4485 1875 4559 1513.

275 4578 336 4654 die
355 4579 388 4653 3.
408 4575 581 4651 Januarii
600 4575 666 4651 sub
682 4576 936 4678 hemispherio
961 4581 1105 4653 Veneto
1132 4580 1248 4654 finem
1275 4576 1464 4683 imposuit.
1490 4589 1593 4665 Divo
1612 4595 1877 4672 Maximiliano

276 4684 507 4796 imperatore
528 4695 649 4769 electo
676 4694 884 4771 faustissime
904 4696 1172 4796 imperante-
1195 4696 1259 4773 sol.
1284 4707 1341 4789 40.
1371 4701 1580 4804 sequuntur
1601 4712 1875 4810 Ephemerides

273 4813 386 4887 Anno
406 4813 634 4890 Dominicae
657 4813 928 4892 incarnationis
953 4815 1055 4891 1513.
1078 4814 1269 4918 usquead
1289 4844 1431 4899 annum
1464 4824 1555 4898 1530
1582 4825 1768 4906 inclusive.
1794 4834 1874 4912 Fol.

1427 4937 1443 5009 l
1470 4967 1492 5011 a
