4320 5700
276 592 349 676 204
698 608 939 669 CATALOGUS
966 608 1353 671 nruttoonaetucus.
1389 608 1465 669 MD.

269 780 381 855 Char.
409 780 570 858 medioc.
596 786 748 883 grandis
768 787 807 861 in
833 789 935 901 notia
954 788 1218 873 >minutissimis
1246 788 1396 865 custode
1421 803 1460 863 et
1481 784 1544 860 sol.
1563 782 1714 883 slgnatis
1733 792 1803 877 112.
1832 786 1891 859 lin.

277 897 352 974 soll.
372 900 439 975 ult.
456 907 514 990 24.
536 908 569 992 4.
590 904 655 977 Ex
672 907 884 979 collectione
897 907 1139 982 Herbiziono.
1635 900 1639 905 ⁵

468 1093 618 1149 Ponzerus
638 1096 669 1149 in
688 1095 793 1151 Annal.
814 1097 1050 1172 Typographiois
1071 1098 1106 1152 T.
1117 1109 1145 1173 4.
1163 1118 1192 1174 p.
1201 1113 1247 1172 72.
1275 1098 1314 1154 N.
1330 1096 1394 1171 664.
1423 1098 1509 1152 Anno
1522 1097 1566 1152 M.
1578 1096 1617 1151 D.
1635 1093 1798 1151 editionem
1815 1096 1889 1152 hant
1971 1124 1979 1141 ·

559 1186 665 1242 laetam
684 1186 765 1244 luisse
783 1190 896 1257 censet,
921 1192 1056 1265 quamvis
1078 1192 1110 1247 ia
1136 1190 1231 1247 nolito
1249 1190 1409 1267 exemplati
1425 1187 1567 1266 expressus
1586 1207 1649 1245 non
1673 1188 1715 1248 srt.
1736 1209 1766 1244 v.
1798 1191 1885 1244 etiarn

570 1281 673 1343 Motu.
691 1300 719 1357 p.
737 1297 801 1356 720.

369 1559 455 1647 646.
466 1601 513 1616 -
539 1559 618 1630 Hoc
635 1558 674 1630 in
685 1559 882 1635 volumine
899 1562 992 1635 haee
1007 1564 1252 1635 continentur
1273 1564 1319 1659 r.)
1328 1562 1381 1634 M.
1395 1562 1553 1634 Antonii
1562 1556 1747 1632 sabellico·
1764 1586 1891 1636 ernen-

278 1676 478 1753 dationes:
503 1675 567 1750 seu
595 1676 861 1751 annotationes
886 1678 926 1750 in
948 1677 1127 1766 Plinium,
1157 1694 1195 1751 et
1215 1678 1254 1751 in
1270 1678 1364 1783 alios
1384 1677 1535 1777 linguae
1553 1676 1693 1752 latinae
1720 1695 1894 1755 auctores

281 1794 563 1869 celeberrimos.
581 1796 634 1892 2.)
657 1793 824 1895 Philippi
835 1794 1246 1869 Beroaldibononenlis
1267 1796 1523 1869 annotationes
1537 1810 1705 1870 centum
1727 1794 1780 1890 3.)
1791 1797 1896 1871 Eius-

281 1915 361 1985 dem
380 1937 460 1984 non
482 1911 608 1986 nullae
627 1911 667 1985 in
691 1910 853 1985 Plinium
876 1914 1162 1988 emendationes
1182 1941 1275 2014 quas
1300 1912 1393 1987 olim
1420 1911 1549 1987 edidit.
1576 1914 1627 2010 4.)
1645 1913 1792 2013 Angeli
1804 1918 1898 2016 poli·

279 2031 365 2103 toni
381 2028 638 2105 miscellorum
655 2030 828 2104 centuria
845 2030 981 2130 prima.
1015 2033 1066 2130 5).
1088 2032 1247 2105 Domitii
1271 2031 1691 2105 Coldeuniveronensls
1721 2031 1895 2108 observa·

282 2149 417 2223 tiones.
431 2189 479 2205 -
501 2147 716 2247 Registrum
734 2148 808 2221 hoc
830 2150 1077 2226 materiarum
1089 2149 1151 2223 sol.
1166 2149 1224 2239 34.
1242 2150 1277 2223 b.
1295 2148 1500 2223 invenitur.
1512 2148 1754 2247 praecedunt
1763 2149 1896 2225 Aulon.

286 2266 467 2340 Sabellici
479 2281 518 2341 et
532 2266 711 2339 Beroaldi
725 2267 990 2342 annotationes
1002 2309 1051 2325 -
1070 2267 1154 2340 sinit
1172 2266 1236 2338 sol.
1251 2266 1309 2339 62.
1330 2265 1393 2341 lin.
1411 2272 1470 2357 42.
1488 2291 1578 2342 cum
1586 2267 1909 2368 AugeIiPolitoni

288 2383 459 2460 centuria
478 2383 605 2485 prima
621 2400 659 2458 et
677 2384 843 2459 versibus
859 2386 1019 2459 Domitii
1030 2383 1075 2457 ad
1096 2384 1292 2457 lectorem.

478 2542 543 2616 Sic
564 2541 658 2615 mihi
674 2557 884 2642 perpetuae
903 2543 1126 2640 contingant
1143 2567 1342 2617 murmura
1361 2541 1482 2618 laudis

576 2682 626 2753 Et
644 2680 745 2754 bona
760 2683 840 2782 post
856 2680 971 2756 sunus
989 2682 1085 2756 hora
1098 2681 1278 2783 superstes
1300 2698 1370 2757 eat.

425 2874 430 2884 ·
489 2821 542 2894 Ut
557 2823 705 2894 nostros
725 2820 839 2919 cupio
860 2820 989 2894 multis
1007 2819 1178 2921 prodesse
1196 2821 1343 2896 libellos

577 2962 769 3060 Famaque
787 2985 867 3033 non
887 2959 966 3032 ullo
980 2959 1091 3034 tinita
1109 2986 1245 3033 cruore
1264 2960 1390 3059 placet

482 3099 547 3172 Me
569 3099 667 3197 legat
686 3098 827 3171 invitus
845 3122 972 3183 neme,
992 3123 1071 3170 non
1088 3097 1298 3199 scripsimus
1320 3100 1375 3172 illi

579 3237 680 3311 Huic
696 3236 833 3337 scripta
856 3239 925 3322 est,
947 3234 971 3309 fi
996 3264 1112 3337 quem
1129 3238 1268 3338 pagina
1281 3243 1406 3313 nostra
1416 3238 1534 3338 juvat.

295 3394 389 3471 finis.
408 3395 520 3469 Char.
541 3393 752 3493 Semigoth.
774 3392 929 3468 minusc.
951 3421 1039 3470 cum
1057 3396 1180 3496 fignat.
1200 3395 1277 3471 foll.
1295 3397 1353 3472 63.
1372 3412 1559 3472 numerat.
1576 3396 1641 3472 lin.
1657 3398 1719 3473 65.
1738 3400 1763 3474 s.

493 3594 622 3649 Ponzeri
637 3591 744 3647 Annas.
765 3592 897 3666 Typogr.
914 3593 949 3647 T.
959 3594 986 3663 4.
1005 3613 1034 3667 p.
1047 3590 1109 3650 185.
1131 3597 1168 3651 N.
1187 3596 1269 3652 1056.
1292 3598 1394 3653 Μαίη.
1413 3616 1442 3673 p.
1459 3596 1522 3671 754.
1550 3596 1587 3653 ab
1600 3612 1725 3673 unoque
1742 3600 1802 3657 hoe
1817 3602 1904 3658 volu·

584 3703 652 3739 men
672 3701 732 3739 non
751 3682 883 3740 distinete
903 3685 1071 3741 recensitum
1087 3686 1154 3744 suit.
1174 3705 1238 3743 meo
1254 3691 1414 3765 exemplari
1430 3690 1546 3765 quidem
1554 3689 1681 3764 sobtliti
1696 3695 1904 3751 annotationes

586 3779 621 3834 in
637 3779 768 3835 Plinium
787 3777 936 3834 desunt-
954 3794 1081 3835 attamen
1099 3780 1322 3839 velamentum
1339 3782 1481 3839 Beroaldi
1504 3782 1745 3843 annotationibus
1761 3786 1814 3845 sol.
1839 3807 1864 3846 t.
1882 3788 1912 3847 b.

585 3872 722 3948 incipitat
738 3902 774 3917 -
794 3871 945 3929 oriolium
963 3873 1080 3948 sequens
1098 3875 1157 3931 iam
1175 3875 1213 3932 N.
1228 3891 1270 3934 12.
1288 3876 1429 3950 lignatum
1445 3876 1607 3933 invenitur.

395 4146 479 4243 647.
504 4188 555 4205 --
580 4139 950 4244 lsoiiorillzspolensis
969 4143 1016 4218 de
1030 4142 1178 4218 summo
1197 4144 1302 4218 bono
1319 4142 1405 4217 libri
1425 4159 1503 4218 tres
1527 4188 1572 4205 -
1593 4146 1657 4220 sol.
1676 4172 1706 4219 t.
1725 4145 1767 4220 in
1781 4146 1926 4248 Chresti

301 4263 458 4337 nomine
479 4263 613 4363 incipit
628 4264 723 4337 liber
740 4262 889 4363 primus
906 4260 1020 4336 sancti
1038 4262 1171 4357 lsaeiiori
1184 4259 1410 4360 &spalensis
1428 4260 1594 4364 episcopi
1615 4263 1662 4338 de
1679 4261 1832 4340 summo
1848 4266 1922 4343 bo·-

301 4406 373 4466 n0‚
401 4379 506 4481 quod
531 4380 623 4456 deus
637 4380 805 4455 summus
824 4396 862 4455 et
879 4379 1200 4455 incommutabilis
1220 4380 1272 4454 lit.
1288 4422 1334 4441 -
1349 4382 1413 4456 sol.
1432 4383 1490 4472 64.
1510 4406 1591 4456 non
1604 4379 1691 4480 fign.
1710 4382 1776 4456 lin.
1796 4384 1920 4459 ande

303 4498 453 4576 summo
478 4498 581 4571 bono
606 4499 739 4595 Isidori
751 4496 979 4600 slzspoulensis
993 4498 1160 4600 episcopi
1178 4499 1274 4573 liber
1296 4500 1379 4573 finit
1398 4499 1559 4575 feliciter
1577 4498 1820 4600 Nuronberge.
1846 4516 1922 4579 etc.

304 4616 488 4719 sequitur.
510 4616 638 4691 tabula
655 4634 926 4693 contentorum
942 4617 982 4690 in
1000 4618 1073 4691 hoc
1089 4616 1187 4690 libro
1210 4632 1249 4691 et
1267 4617 1329 4691 sol.
1348 4620 1407 4692 65.
1425 4619 1460 4693 b.
1486 4645 1567 4694 non
1583 4618 1726 4719 signato
1744 4619 1833 4695 finit
1852 4620 1921 4695 lin.

307 4765 365 4812 21.
388 4737 434 4813 de
460 4750 565 4813 metu
585 4736 731 4813 mortis.
763 4736 874 4812 Char.
896 4732 999 4836 goth.
1026 4734 1159 4833 (iuxta
1180 4735 1382 4815 Pomorum
1401 4736 1521 4826 idem,
1550 4762 1627 4845 quo
1646 4735 1922 4816 comestorium
