4358 5694
624 610 865 674 cararocos
891 610 1266 674 aunocnarmcus
1291 613 1445 674 uuxm
1533 588 1537 599 '
1772 628 1841 705 109

231 796 528 900 praefectorum,
551 793 697 870 libellus
710 818 878 892 graecus,
896 793 1043 870 incerto
1064 809 1207 868 autore.
1227 835 1270 850 —
1293 794 1440 878 Orbicz'z'.
1464 793 1510 869 de
1522 794 1719 871 ordinibus
1732 824 1840 874 excr-

234 913 614 1011 citus.-s1gnificata
629 926 689 991 Ta
703 909 735 992 R
750 911 950 1010 significata
961 928 1012 991 Tae
1022 939 1063 1005 οῖς
1079 909 1373 998 Dictionariun
1387 937 1465 1012 quo
1481 912 1596 988 latina
1615 916 1759 1013 graecis
1778 943 1841 991 ex-

231 1048 441 1134 ponuntur.
469 1030 650 1127 Basilcae.
673 1032 746 1106 An.
768 1032 821 1104 M.
839 1030 875 1103 D
890 1030 998 1103 XIX.
1017 1071 1068 1087 -
1086 1029 1190 1103 Haec
1208 1027 1248 1102 in
1264 1028 1392 1103 fronte
1411 1029 1530 1104 limbo
1546 1031 1753 1134 figurisque
1773 1034 1838 1108 de-

234 1165 373 1225 corata.
395 1190 446 1206 -
462 1151 544 1248 post
565 1147 627 1221 fol.
654 1150 732 1222 158.
758 1147 893 1248 incipit
910 1147 1062 1222 collatio
1086 1146 1301 1220 dictionum
1318 1146 1381 1220 fol.
1398 1149 1456 1220 25.
1484 1147 1669 1224 dictiones
1690 1150 1838 1226 latinae.

235 1267 300 1340 fol.
316 1269 375 1366 95.
397 1266 460 1340 lin.
483 1265 541 1339 38.
565 1263 739 1363 Basz'leae
760 1266 829 1341 lX.
848 1264 930 1339 Kal.
957 1263 1094 1366 Aprili.
1121 1265 1236 1337 Anno
1261 1264 1313 1338 M.
1331 1265 1380 1337 D.
1400 1265 1508 1340 XIX.
1534 1266 1596 1341 fol.
1623 1267 1694 1368 leq.
1720 1268 1755 1344 b.
1782 1269 1839 1343 in·

235 1382 333 1485 figne
350 1402 503 1487 typogr.
521 1383 632 1458 Char.
653 1386 714 1458 lat.
732 1384 810 1457 foll.
829 1383 911 1457 253.
933 1383 1018 1482 fign.
1042 1380 1106 1456 lin.
1127 1382 1189 1456 fol.
1208 1381 1274 1456 ult.
1291 1381 1348 1480 39.
1370 1382 1394 1457 f.

424 1525 555 1578 Panzeri
574 1522 681 1578 Annal.
699 1524 831 1598 Typogr.
850 1523 886 1579 T.
896 1521 922 1578 6.
941 1523 1043 1597 p.215.
1069 1521 1107 1577 N.
1125 1515 1189 1577 508.

329 1713 469 1787 328-
484 1713 525 1815 ρ.
534 1713 1007 1788 ΗονατιῖΝαιιίΡοειηαῐα
1022 1713 1161 1787 omnia.
1170 1754 1220 1772 -
1229 1711 1510 1800 Centimetrum
1527 1712 1646 1786 Marii
1661 1714 1783 1789 Servii
1792 1753 1843 1774 -·

233 1831 515 1924 Annotationes
534 1832 630 1906 Aldi
647 1832 810 1907 Manutz'z'
825 1831 990 1905 Romani
1016 1830 1056 1905 in
1077 1832 1342 1906 Horatium-
1366 1829 1479 1904 Ratio
1498 1830 1719 1920 mensuum,
1753 1832 1836 1934 qui-

231 1951 302 2024 bus
325 1949 432 2025 Odae
453 1950 624 2024 eiusdem
644 1950 788 2024 Pobtae
812 1962 993 2024 tenentur
1018 1949 1155 2023 eodem
1174 1942 1272 2021 Aldo
1298 1947 1470 2022 authore.
1487 1990 1538 2005 -
1552 1949 1707 2023 Nicolai
1719 1949 1847 2027 Peroti

231 2067 379 2143 libellus
399 2069 570 2150 eiusdem
587 2067 810 2167 argumenti.
829 2107 881 2126 -·
898 2068 1002 2141 Haec
1025 2066 1066 2140 in
1083 2066 1210 2141 fronte
1229 2092 1318 2139 cum
1335 2065 1462 2165 inlign.
1488 2066 1659 2166 Typogr.
1680 2066 1780 2141 Aldi.
1792 2107 1840 2125 —

231 2185 294 2259 fol.
320 2212 399 2285 197.
420 2185 483 2259 lin.
510 2186 544 2259 3.
570 2187 728 2259 Venetz'is
743 2187 781 2260 in
797 2185 952 2260 aedibus
969 2184 1065 2258 Aldi
1079 2201 1118 2259 et
1135 2185 1306 2258 Andreae
1322 2182 1453 2257 locari.
1473 2183 1599 2259 mense
1617 2184 1841 2259 Novembri.

124 2358 127 2363 -
231 2303 284 2378 M.
296 2305 344 2380 D.
357 2303 467 2378 xlx
496 2303 607 2378 Char.
626 2304 686 2378 lat.
706 2304 783 2378 loll.
811 2305 889 2404 189.
909 2303 996 2401 [ign.
1015 2301 1056 2374 in
1074 2315 1159 2376 toto
1182 2327 1261 2400 197.
1276 2299 1340 2374 lin.
1360 2301 1418 2374 30.
1437 2300 1472 2375 8.

281 2490 285 2499 ,
420 2445 550 2499 Panaeti
564 2443 671 2498 Annal.
682 2444 815 2518 Typogr.
835 2443 872 2497 Τ.
880 2437 908 2498 8.
925 2461 955 2519 p.
969 2438 1033 2515 456.
1051 2440 1088 2496 N.
1098 2457 1162 2517 977.
1179 2439 1282 2497 Madet.
1302 2439 1363 2495 ind.
1383 2460 1410 2495 1.
1420 2438 1525 2516 p.·501.
1541 2438 1612 2495 seria
1629 2439 1696 2496 (1011ι
1713 2439 1842 2497 edizioni

516 2533 623 2590 aldins.
641 2554 670 2610 p.
689 2537 736 2591 50.
756 2534 794 2591 N.
815 2546 858 2589 12.
1051 2538 1054 2545 '

327 2702 410 2801 829.
430 2744 478 2760 -
493 2702 647 2777 loannis
667 2704 814 2777 Iovt‘am'
830 2703 995 2778 Pontam'
1007 2704 1054 2777 de
1069 2702 1310 2804 Aspiratione
1327 2700 1414 2775 libri
1432 2700 1508 2776 duo
1527 2741 1574 2759 —
1586 2702 1732 2776 Charon
1749 2702 1841 2778 Dia·

228 2823 337 2920 logus
351 2861 401 2878 -
415 2819 598 2894 Antonius
611 2821 795 2922 Dialogus
812 2866 859 2881 -
871 2823 1006 2895 Actius
1020 2821 1206 2921 Dialogus
1224 2865 1273 2881 -
1291 2820 1471 2919 Aegaleos
1485 2819 1671 2919 Dialogus
1690 2864 1738 2880 -
1755 2819 1839 2918 Asi-
1895 2883 1899 2889 .

200 3019 204 3026 ,
227 2965 296 3011 nus
310 2937 495 3037 Dialogus
513 2984 558 2997 -
572 2939 634 3013 De
651 2938 826 3029 sermone
844 2939 931 3013 libri
944 2936 1007 3014 sex
1020 2980 1072 2996 —
1086 2938 1195 3028 Belli,
1213 2938 1317 3040 quod
1329 2938 1578 3011 llerdz'nandus
1595 2937 1719 3011 senior
1736 2940 1837 3013 Nea-

226 3052 418 3156 politanus
445 3056 528 3129 Rex
553 3081 641 3130 cum
661 3055 1155 3156 IoanneAndegavienfium
1178 3055 1274 3129 duce
1290 3052 1413 3154 gestit,
1437 3053 1524 3128 libri
1545 3053 1616 3129 lex.
1639 3042 1702 3129 fol.
1730 3056 1833 3131 1318.

227 3173 291 3245 lin.
317 3198 369 3245 ιο.
395 3174 552 3245 Venetiis
567 3175 608 3246 in
627 3175 783 3249 aedibus
801 3175 897 3248 Aldi
908 3190 947 3249 et
968 3174 1138 3248 Andreae
1156 3172 1275 3248 soceri
1294 3169 1420 3247 mense
1443 3172 1569 3273 Aprili
1597 3173 1648 3247 M.
1661 3174 1709 3248 D.
1722 3174 1832 3249 XIX.

229 3291 340 3366 Char.
362 3290 445 3365 Lat.
461 3290 539 3363 foll.
561 3290 647 3389 fing.
665 3292 747 3364 318.
767 3290 830 3365 lin.
847 3292 905 3390 39.
924 3293 958 3364 8·
977 3293 1079 3391 May.

419 3429 548 3485 Ponzerc'
563 3429 669 3484 Annal.
688 3432 820 3507 Typogr.
839 3431 875 3493 T.
883 3425 913 3486 8.
930 3451 958 3506 p.
977 3432 1042 3506 455.
1061 3429 1100 3486 Ν.
1107 3431 1172 3507 973.
1188 3430 1290 3486 Maiae.
1311 3431 1345 3485 Τ.
1356 3443 1383 3485 2.
1400 3451 1429 3507 p.
1446 3431 1510 3508 339.
1527 3431 1599 3487 serie
1614 3431 1681 3488 dell'
1701 3432 1830 3489 edizioni

402 3522 444 3571 “x
515 3519 670 3598 Aldinap.
683 3531 731 3598 49.
750 3523 789 3579 N.
799 3541 826 3600 9.
844 3522 988 3583 Voluman
1005 3522 1063 3580 hoc
1078 3540 1199 3598 operum
1215 3525 1344 3579 Pontam'
1359 3521 1524 3578 secundum.

322 3690 405 3766 330.
426 3730 477 3750 -·-
504 3693 553 3766 D.
576 3692 975 3789 Erasmc'Ilotarodami
993 3711 1062 3770 etc.
1076 3694 1123 3769 dc
1139 3693 1281 3792 duplici
1306 3692 1439 3792 Copia,
1460 3694 1683 3768 Verborum
1708 3722 1750 3769 ac
1758 3697 1831 3771 Re-

227 3834 314 3883 rum
332 3804 609 3885 Commenta‘rii
627 3811 715 3886 duo.
733 3853 780 3871 —
796 3812 859 3887 Ab
884 3813 1045 3887 authore
1070 3811 1147 3911 iplo
1172 3810 1446 3909 diligentillime
1470 3811 1656 3909 recogniti
1677 3828 1715 3886 et
1731 3838 1831 3887 ema·

228 3927 359 4034 colati,
378 3944 492 4029 atque
513 3928 552 4002 in
572 3929 788 4035 plaerisque
804 3929 899 4017 locis
915 3928 1027 4003 aucti.
1046 3970 1096 3986 -
1117 3930 1213 4002 Item
1232 3929 1404 4029 Epistola
1425 3928 1574 4026 Erasmt'
1587 3929 1832 4016 Rotcrodami,

227 4043 273 4116 ab
290 4045 456 4119 Iacobum
480 4045 805 4147 Vuzmphelzizgziam
823 4047 1096 4121 Selestatinum.
1112 4045 1176 4120 fol.
1193 4073 1247 4143 77.
1266 4046 1330 4120 lin.
1352 4049 1384 4118 5.
1405 4047 1609 4144 Hagenoac
1623 4045 1662 4118 in
1673 4046 1830 4122 aedibus

231 4159 390 4233 Thomas
406 4161 880 4263 AufilmiBadensz'sAnno
896 4165 1005 4238 MD.
1016 4165 1123 4238 ΧΙΧ.
1140 4164 1264 4238 mense
1275 4162 1491 4238 Decembri.
1512 4163 1640 4262 infign.
1657 4163 1829 4266 Typogr.

97 4327 100 4332 -
229 4284 263 4367 4.
283 4277 474 4354 Chanlat.
498 4280 576 4354 foll.
599 4307 656 4378 72.
677 4281 761 4382 lign.
779 4282 819 4357 in
833 4300 917 4357 toto
934 4311 990 4382 77.
1011 4283 1144 4357 lin.85.
1162 4290 1210 4375 4.,

320 4485 322 4490 Ι
416 4418 546 4475 Panaeti
562 4420 668 4477 Annal.
688 4422 821 4499 Typogr.
839 4424 873 4478 T.
883 4445 911 4499 7.
928 4443 958 4499 p.
967 4419 1013 4499 89
1035 4410 1073 4497 Nl
1086 4420 1146 4498 169.

315 4585 401 4660 331.
418 4630 470 4647 -
487 4590 642 4667 Duilo.
671 4588 911 4696 Chryfhstomi
924 4593 1112 4679 Romilia,
1142 4592 1189 4667 dc
1209 4619 1255 4668 eo
1272 4592 1377 4695 quod
1400 4594 1496 4667 dixit
1523 4596 1729 4694 apostolus,
1759 4599 1828 4665 utl—
1897 4608 1900 4614 '

223 4730 309 4777 nam
332 4704 547 4805 toleroffltis
566 4708 766 4810 Paapulum
784 4713 965 4813 quiddam
984 4711 1219 4812 infipientiae
1246 4739 1363 4787 meae.
1407 4713 1444 4786 V.
1473 4713 1631 4784 Fabrz'tz'o
1656 4713 1826 4809 Captione

223 4821 441 4924 interprete.
459 4867 510 4896 -ι
532 4827 638 4906 llaec
657 4828 698 4905 in
714 4830 842 4908 fronte
869 4831 987 4938 limbo
1007 4831 1216 4932 figurisque
1243 4847 1386 4907 ornata.
1414 4829 1491 4904 foll.
1515 4855 1568 4902 12.
1591 4826 1718 4926 insign.
1749 4827 1828 4927 Ty-
