4320 5700
276 559 416 619 xxvm
877 578 977 599 -
1024 548 1088 637 )0
1116 545 1134 639 (
1180 581 1280 601 -

274 740 508 836 biliotheca
528 741 802 851 exstantium,
831 771 943 861 quae
972 741 1181 832 saeculum
1200 749 1379 861 primurn
1398 742 1758 864 typographicum
1778 777 1887 839 con·

274 942 473 1053 itituunt,
492 977 576 1037 una
601 976 695 1034 cum
715 951 1040 1036 continuatione
1057 945 1292 1034 editionum
1314 976 1339 1033 a
1364 944 1540 1061 Demfio
1559 947 1888 1038 nonrecensita·

271 1174 362 1234 runt
382 1152 550 1263 penitus
572 1142 817 1237 absolvitur.

368 1512 524 1600 Utrum
553 1509 635 1598 hac
662 1502 983 1597 elucubratione
1007 1508 1234 1615 litteraria,
1249 1537 1335 1624 qna
1355 1508 1502 1599 saitem
1537 1541 1632 1600 cum
1662 1539 1750 1613 ea,
1790 1541 1882 1631 qua

271 1712 365 1799 lieri
401 1708 574 1828 potest,
602 1707 974 1799 verosimilitudine
1010 1707 1165 1796 saeculi
1208 1714 1333 1828 primi
1368 1715 1535 1800 initium
1584 1710 1760 1798 delinire
1802 1741 1880 1801 co·

270 1907 438 2013 nabar,
478 1942 531 1999 ea
569 1911 868 2028 praestiterim,
905 1939 1023 2026 qnae
1054 1907 1262 2026 pensare
1298 1906 1606 2014 desiderabam,
1640 1914 1691 1997 iia
1724 1909 1880 2023 dijudi-

270 2109 449 2199 candum
479 2109 713 2229 relinquo,
764 2115 840 2226 qui
870 2123 1039 2225 praeter
1058 2122 1225 2225 tenipus
1252 2134 1338 2196 non
1365 2108 1614 2216 adjumentis
1648 2106 1879 2199 solummo-

269 2310 354 2420 do,
379 2310 452 2399 sed
482 2326 527 2399 et
557 2315 708 2422 majori
733 2315 929 2426 ingenio,
958 2307 1240 2424 doctrinaque
1286 2303 1475 2394 instructi
1506 2336 1596 2394 rem
1621 2304 1740 2398 adeo
1775 2336 1880 2399 corr»

269 2509 406 2601 fusam
426 2506 594 2601 felicior
617 2515 827 2599 extricare
854 2507 1008 2615 scieut3
1035 2507 1219 2624 ipsorum
1250 2506 1435 2595 confisae
1460 2462 1672 2624 aequilati
1693 2507 1882 2625 sufficiat

271 2706 465 2812 adferre,
488 2708 731 2828 catalogum
756 2708 998 2826 generalem
1026 2706 1338 2825 specialemque
1365 2703 1532 2794 nostrae
1555 2702 1881 2818 bibliothecae,

272 2940 384 3029 quae
416 2939 633 3001 numerum
666 2914 837 3026 triginta
870 2914 1057 3024 quinque
1085 2905 1262 2995 millium
1286 2905 1641 3030 selectiil'unocum
1669 2903 1879 3043 librorum

269 3113 354 3199 iana
376 3110 573 3218 excedit,
599 3118 705 3203 intra
736 3121 922 3226 quatuor
951 3133 1159 3195 annorum
1184 3103 1364 3221 spatium
1388 3104 1444 3192 ad
1473 3102 1598 3193 linem
1620 3088 1877 3222 perductum
2060 3188 2063 3196 .

271 3306 377 3401 mibi
399 3334 524 3398 omne
548 3308 663 3425 quali
677 3326 844 3422 tempor
862 3309 920 3395 ad
939 3310 1235 3422 indagationes
1252 3306 1377 3392 besee
1396 3306 1621 3399 litterariae
1636 3303 1877 3422 abripuisse.

273 3507 528 3625 Catalogum
551 3512 664 3595 enim
682 3503 792 3592 hunc
815 3531 895 3621 pro
918 3530 1171 3619 quacunque
1190 3504 1360 3590 seientia
1386 3455 1609 3619 separatim
1636 3502 1882 3594 instructum·

269 3739 356 3809 uon
376 3737 495 3803 more
517 3661 647 3794 solito
674 3706 898 3818 repertorii
914 3692 1116 3800 conscel,
1147 3698 1217 3785 sed
1249 3713 1472 3789 contentas
1485 3710 1535 3791 in
1560 3697 1762 3795 omuibus
1781 3732 1881 3793 coo·

271 3909 446 4032 poribus
473 3922 515 3996 et
546 3895 871 3996 collectionibur
898 3900 1277 3988 commentationes
1300 3911 1343 3985 et
1370 3898 1675 3990 dissertationes
1697 3842 1873 4022 singula·

276 4137 341 4199 rea
362 4117 404 4199 in
432 4106 649 4197 schedulae
677 4101 912 4221 separatas,
944 4119 1124 4212 quorum
1153 4089 1347 4181 numerus
1371 4094 1593 4214 plusquam
1614 4049 1881 4192 ducenta-ie..

277 4312 449 4429 uaginta
473 4298 605 4391 millia
624 4294 968 4421 comprehendit,
989 4284 1301 4399 exbibendaa,
1322 4318 1479 4412 easque
1507 4299 1647 4393 eidenr
1671 4301 1874 4420 catalogo

276 4502 501 4600 secundum
522 4492 697 4619 systema
719 4496 759 4581 in
779 4496 921 4610 primia
939 4482 1224 4579 voluminibur
1243 4483 1429 4579 indicato
1444 4492 1682 4595 inserendas
1702 4506 1880 4610 curavi,
1944 4550 1947 4555 .

278 4708 367 4827 'quo
388 4694 669 4819 sactoteiplax
694 4684 980 4781 bibliothecae
1000 4679 1157 4771 utiliter
1177 4682 1402 4774 enascitur:
1433 4716 1504 4773 iao
1519 4693 1871 4808 supervacaneum
