4320 5700
267 598 314 646 22
683 594 921 653 csruLooos
948 594 1323 654 ornuloonuamcus
1349 593 1453 652 MDV.

270 772 362 843 strae
383 771 564 845 milelrmo
587 772 886 872 quingentelimo
906 774 1051 874 quinto.
1080 775 1190 849 Char.
1208 800 1304 849 rom.
1324 775 1415 873 eleg.
1442 771 1589 886 f⁰¹¹·.4²·
1614 772 1748 847 linae
1774 773 1877 873 Spa·

272 887 333 960 tiis
350 888 555 991 interjectis
575 907 613 963 et
628 892 725 989 gloll.
741 918 856 990 marg.
873 899 905 980 4.

465 1047 567 1104 Editio
585 1051 772 1119 Maittairio,
789 1052 942 1112 Panzero.
964 1067 991 1107 et
1008 1051 1129 1126 Dem'fio
1147 1051 1310 1128 incognita.

369 1240 425 1313 56.
443 1281 489 1300 -
509 1242 616 1314 Sexti
627 1241 717 1312 libri
730 1243 887 1315 materia
904 1266 992 1314 cum
1013 1241 1267 1339 capitulorum
1293 1243 1465 1314 Numero
1478 1280 1526 1297 -
1548 1266 1636 1314 cum
1651 1238 1774 1313 tribus
1786 1237 1877 1336 Epi-

273 1358 505 1455 gramatibus
524 1374 560 1432 et
578 1357 703 1456 insign.
720 1359 863 1431 librarii
887 1359 922 1431 T.
934 1359 977 1431 K.
991 1399 1037 1415 -·
1064 1358 1279 1430 Thielmann
1298 1360 1436 1430 Kerver.
1456 1401 1505 1416 -
1522 1359 1625 1432 Haec
1645 1357 1683 1429 in
1700 1356 1879 1429 fronte-

274 1472 443 1575 sequitur
462 1474 664 1548 declaratio
690 1475 835 1548 arboris
855 1515 901 1530 -
920 1475 1115 1549 affinitatis
1133 1502 1221 1548 cum
1238 1476 1271 1548 3.
1289 1476 1420 1573 figuris
1440 1519 1489 1533 -
1509 1475 1595 1550 dein
1625 1474 1687 1547 fol.
1704 1500 1733 1546 1.
1756 1471 1878 1571 ligna·

276 1608 329 1665 to
348 1592 663 1665 Probemium-
680 1592 742 1665 fol.
759 1600 839 1689 274.
857 1593 891 1666 b.
910 1594 993 1666 Lin.
1012 1619 1064 1665 ιι.
1081 1595 1212 1665 Sextus
1230 1591 1325 1665 liber
1346 1594 1576 1665 decretalium
1596 1590 1756 1665 casuales
1775 1590 1879 1663 litte·
1916 1658 1923 1672 ,

276 1708 375 1782 rales
393 1726 431 1782 et
446 1709 638 1783 Notabilia
658 1710 816 1782 Domini
831 1711 940 1783 Helie
954 1711 1349 1810 Regm'ercomplexus
1367 1736 1455 1784 cum
1474 1707 1731 1786 additionibus
1749 1733 1797 1781 ex
1808 1732 1880 1779 no·
1975 1749 1988 1778 κ

277 1796 376 1899 vella
388 1826 547 1899 Joanms
557 1826 726 1901 Andreae
741 1827 1042 1927 depromptis-
992 1829 1173 1901 -finem
1193 1829 1339 1928 accepit-
1354 1856 1424 1927 per
1455 1828 1730 1900 Thielmannum
1748 1825 1884 1897 Kerver

279 1943 557 2022 florentillimae
581 1945 831 2019 univerfitatis
850 1944 1053 2045 parifienfis
1081 1945 1279 2020 librarium
1303 1947 1342 2018 in
1367 1971 1504 2044 magno
1536 1944 1621 2017 vico
1647 1942 1730 2015 divi
1748 1941 1884 2015 Jacobr'

262 2060 326 2134 ad
342 2061 485 2160 fignum
503 2063 615 2138 cratis
631 2063 756 2138 ferreo
776 2080 1078 2137 commorantem
1093 2063 1267 2162 impensls
1278 2089 1371 2137 vero
1390 2063 1560 2137 eiusdem
1575 2088 1616 2134 ac
1634 2060 1880 2132 bonestorum

278 2178 452 2256 virorum
473 2182 658 2256 Johenm's
680 2180 840 2257 Callrber
859 2198 897 2254 et
921 2181 1106 2254 Jehanm's
1120 2180 1215 2252 Petit
1237 2180 1406 2254 anno-ab
1435 2176 1704 2253 incarnationis
1730 2174 1875 2247 domini

278 2299 460 2372 milefimo
487 2300 785 2398 quingentelimo
810 2299 944 2398 quinto
962 2297 1075 2396 supra
1098 2298 1200 2371 mille
1221 2297 1344 2372 idibus
1366 2295 1600 2372 Decembris.
1618 2338 1667 2352 -
1693 2293 1879 2393 Sequitur

277 2415 425 2490 Tabula
439 2414 530 2488 sexti
551 2416 661 2488 Char.
675 2414 871 2489 Gothicus.
890 2441 979 2488 cum
999 2413 1068 2488 litt.
1087 2415 1217 2488 initial.
1238 2398 1492 2513 rubro-nigris
1508 2413 1547 2485 in
1564 2429 1672 2486 textu
1688 2409 1817 2510 grand.
1839 2409 1878 2483 in

277 2548 482 2607 comment.
498 2532 631 2605 minut.
652 2531 774 2630 glollis
792 2558 908 2630 marg.
925 2531 987 2605 fol.
1003 2537 1086 2629 274.
1110 2532 1172 2605 lin.
1191 2549 1394 2606 comment.
1412 2535 1470 2629 67.
1489 2532 1512 2605 f.
1532 2574 1581 2589 -
1598 2527 1782 2629 Sequitur
1797 2527 1879 2601 To·

274 2676 339 2723 mo
358 2654 401 2723 ll.
430 2651 754 2725 Clementinarum
771 2650 929 2723 materia
948 2675 1034 2723 cum
1051 2650 1306 2782 capitulorum
1327 2666 1364 2723 et
1380 2649 1587 2724 titulorum·
1605 2670 1768 2720 numero
1788 2645 1879 2745 Epi-

275 2794 392 2868 gram.
411 2785 450 2843 et
464 2768 591 2868 insign
612 2768 776 2842 Librarn
793 2783 836 2841 ut
853 2795 893 2843 m
910 2785 1018 2842 tomo
1039 2768 1167 2869 primo
1188 2767 1227 2840 in
1246 2768 1433 2841 fronte-
1452 2767 1515 2840 fol.
1537 2794 1565 2839 1.
1588 2765 1652 2840 b.'
1642 2789 1768 2861 imago
1795 2764 1876 2835 Cle-

273 2891 406 2960 mentis
426 2887 550 2987 quinti
566 2887 668 2986 ligno
692 2884 882 2959 incisa.-
907 2885 1023 2959 fol.2.
1056 2885 1381 2959 Clementinarum
1411 2883 1658 2984 prohemium
1686 2880 1733 2956 ad
1758 2881 1877 2955 finem

273 3005 337 3079 fol
361 3007 437 3079 108.
459 3006 493 3079 b
512 3006 575 3080 lin.
585 3005 641 3079 38.
663 3003 913 3077 Clementinis
933 3002 1259 3076 constitutionibus
1276 3018 1449 3077 accurate
1467 3001 1708 3099 castigatis-
1732 2998 1797 3072 lin
1816 3003 1877 3095 47.

274 3123 389 3194 Anno
410 3122 456 3195 ab
474 3121 741 3197 incarnationis
762 3120 907 3196 domini
926 3118 1225 3220 quingentesimo
1243 3119 1377 3220 quinto
1394 3119 1506 3219 super
1523 3118 1747 3193 milelimum
1768 3142 1877 3190 men-

271 3235 309 3312 se
326 3238 497 3311 Januarii
523 3239 624 3313 circa
648 3240 773 3334 finem.
800 3240 902 3314 Laus
919 3238 1006 3313 Deo
1030 3282 1077 3297 -
1099 3237 1247 3312 Tabula
1261 3236 1463 3312 titulorum
1487 3253 1526 3311 et
1553 3235 1810 3336 capitulorum
1826 3273 1876 3291 —

273 3355 377 3429 idem
395 3353 506 3428 Char.
524 3355 600 3428 foll.
622 3357 698 3429 108.
718 3357 781 3429 lin.
805 3356 1078 3430 Commentarii
1097 3358 1154 3453 87.
1172 3356 1196 3429 f.
1217 3399 1262 3413 -
1288 3355 1377 3430 dein
1390 3372 1518 3430 tomus
1530 3358 1593 3429 111.
1621 3356 1876 3452 Extravagan·

273 3487 331 3546 tes
350 3497 572 3547 communes
590 3499 677 3545 cum
698 3472 878 3570 epigram.
901 3486 939 3544 et
957 3472 1087 3571 lnfign.
1111 3473 1193 3546 libr.
1213 3474 1257 3546 T.
1268 3474 1315 3565 R.
1327 3515 1377 3531 -
1395 3474 1456 3547 lol.
1472 3503 1500 3547 1.
1514 3475 1547 3547 6.
1565 3471 1874 3572 Hieronymid'la·

274 3592 326 3662 rz'z'
339 3589 520 3662 Brreiani
532 3590 771 3690 praeludium
785 3631 835 3647 -
852 3588 916 3662 sol.
936 3590 1001 3664 ult.
1021 3607 1308 3689 extravagantes
1326 3616 1549 3664 communes
1569 3589 1666 3690 aptis
1689 3587 1874 3663 elucidate

272 3705 444 3788 sumariis
464 3709 666 3796 adiunctis,
695 3735 791 3809 quae
809 3732 880 3807 pro
900 3709 1036 3783 maiori
1054 3719 1169 3809 'parte
1192 3707 1275 3782 lunt
1298 3709 1475 3781 Iohannis
1490 3709 1616 3781 XXII.
1640 3705 1874 3804 expliciunt,

271 3825 542 3926 nonnullisque
567 3826 718 3899 illarum
742 3824 890 3900 subtilia
912 3826 1127 3903 Glosemata
1145 3827 1259 3902 variis
1284 3853 1330 3900 ex
1348 3826 1595 3900 Bibliothecis
1617 3823 1873 3923 parifienfibus

270 3943 357 4020 lunt
378 3945 519 4042 adjecta
534 3970 604 4043 per
630 3943 905 4016 Thielmannum
916 3944 1126 4021 Kerveretc.
1137 3987 1187 4004 -
1199 3944 1378 4043 imprelle-
1391 3969 1455 4017 ere
1470 3959 1508 4017 et
1524 3941 1874 4042 impende-doenum

266 4067 358 4162 petit
374 4079 414 4137 et
425 4063 611 4136 Johanm's
631 4061 792 4134 Cabz'ller
803 4077 1061 4136 mercatorum
1079 4063 1427 4137 benemeritorum.
1446 4061 1559 4132 Anno
1581 4060 1629 4139 ab
1645 4058 1871 4136 incarnatio·

270 4180 330 4253 nis
352 4179 510 4254 Domini
526 4179 640 4253 nollri
659 4179 957 4281 quingentefimo
975 4179 1111 4279 quinto
1128 4179 1238 4277 supra
1258 4179 1361 4252 mille
1379 4222 1423 4237 -
1443 4177 1605 4251 dievero
1622 4202 1724 4251 nova
1738 4173 1872 4249 meniis

271 4297 470 4379 Februarii
487 4298 735 4399 —Sequitur
755 4298 902 4372 Tabula
918 4296 1244 4394 extravagantium
1263 4295 1534 4372 communium.
1555 4294 1670 4370 Char.
1683 4292 1785 4368 idem
1794 4293 1872 4367 Go·

274 4416 362 4492 thie.
389 4417 466 4492 loll.
479 4418 537 4490 80.
559 4416 642 4516 fign.
661 4433 699 4490 et
716 4424 749 4503 4,
770 4442 849 4488 ιιοιι
864 4415 950 4513 figo.
968 4415 1031 4488 lin.
1052 4416 1110 4512 87.
1130 4413 1153 4487 f.

471 4580 621 4649 Ponzerus
641 4576 673 4631 in
689 4572 795 4631 Anno.
814 4574 946 4647 Typogr.
963 4575 1035 4646 T.7.
1055 4593 1082 4647 p.
1096 4573 1163 4645 514:
1179 4572 1217 4628 N.
1237 4572 1296 4627 132.
1313 4571 1407 4628 aderit
1421 4572 1545 4628 Tomurn
1563 4571 1680 4626 tertium
1701 4567 1780 4626 1506.
1804 4583 1875 4641 pro·

562 4667 659 4734 mirre,
678 4664 755 4740 quod
771 4682 865 4721 autem
883 4667 1060 4720 contrarium
1077 4666 1114 4720 ell
1130 4665 1303 4719 conclusioni
1319 4664 1417 4720 finali:
1438 4665 1629 4722 omnes.onim
1647 4679 1704 4726 tros
1728 4661 1801 4720 tomi
1812 4668 1874 4716 ‘eo-

562 4761 720 4841 dem'annq
730 4759 818 4837 4505.
836 4757 982 4835 impreffos
997 4757 1076 4814 buffo
1092 4756 1261 4836 subscriptio
1277 4757 1427 4817 clarillime
1443 4758 1533 4816 docet.
1607 4830 1611 4840 Ι
1699 4793 1704 4802 -
