4358 5694
632 620 872 683 remotus
898 618 1275 679 urruocurrmcus
1301 618 1538 678 mcccctxv.
1642 648 1648 655 -
1812 603 1879 677 183

659 810 694 877 a)
714 800 940 868 milletune,
957 801 1028 874 quin
1045 800 1232 856 summarium
1248 795 1322 855 iliud
1338 797 1465 854 textuale
1480 798 1562 853 cuiue
1576 814 1668 855 annue
1685 813 1713 853 et
1727 797 1809 855 locut
1821 799 1877 853 irn-

561 895 711 972 prellionie
727 895 881 952 clurillirne
904 895 1044 971 expofitue
1063 895 1139 961 luit,
1161 892 1295 949 coloniae
1310 890 1471 966 prodierit:
1494 889 1690 948 characterem
1709 893 1790 947 euim
1813 891 1880 967 plu-

561 991 703 1045 rimarum
723 989 813 1045 zetlic·
831 987 993 1044 editionum
1011 987 1172 1063 praesefert.
1840 976 1843 982 ’

659 1080 839 1154 &Constat
861 1096 958 1156 aperte
979 1097 1039 1136 non
1066 1080 1160 1136 solum
1179 1078 1214 1133 de
1238 1077 1304 1133 loco
1320 1075 1368 1131 led
1387 1076 1475 1131 etiam
1502 1075 1536 1132 de
1564 1095 1640 1132 anno
1671 1076 1888 1153 impressionie·

561 1173 752 1230 summarium
767 1175 844 1230 enirn
862 1172 990 1229 textucle
1005 1193 1065 1230 non
1085 1172 1165 1247 1465.
1185 1170 1243 1226 luit
1256 1168 1425 1236 collectam,
1441 1168 1489 1223 sed
1505 1188 1606 1225 revera
1625 1168 1797 1246 impress'um.
1856 1162 1862 1174 '

657 1272 687 1339 c)
708 1266 778 1322 Non
804 1264 938 1340 implicat
958 1284 1068 1341 porro,
1085 1263 1165 1338 quod
1179 1262 1367 1319 clementinae
1383 1261 1445 1337 poli
1460 1260 1650 1318 novendecim
1669 1282 1760 1319 annor
1777 1263 1881 1318 editio·

564 1378 631 1413 nem
645 1358 798 1414 summarii
811 1356 946 1413 textualie
963 1357 1074 1413 secutae
1087 1356 1210 1421 luerint3
1229 1373 1318 1430 opera
1335 1355 1413 1409 enim
1430 1353 1581 1430 posthuma
1600 1356 1727 1412 eiusdem
1745 1354 1882 1410 collecto-

562 1452 604 1507 rie
621 1469 681 1507 non
699 1468 849 1525 nunquam
864 1440 1012 1525 prioribus
1033 1447 1252 1507 collectionibus
1269 1445 1433 1503 adhucdum
1452 1447 1640 1505 adiiciuntur.

659 1542 696 1615 d)
715 1543 775 1599 Hic
791 1541 906 1604 demum
931 1561 983 1597 nec
1008 1541 1042 1598 de
1059 1544 1121 1598 rita
1139 1540 1321 1607 collectorit,
1344 1560 1398 1595 nee
1420 1539 1455 1596 de
1473 1543 1537 1598 rita
1560 1539 1740 1618 typographi
1758 1539 1884 1616 quaestio

563 1635 714 1697 exoriturt
732 1654 800 1691 narn
813 1634 1001 1691 summarium
1018 1633 1145 1691 textuale
1161 1633 1269 1709 absque
1283 1633 1395 1689 indicio
1410 1633 1606 1711 typographi,
1633 1634 1821 1691 clementinae
1835 1655 1885 1690 ve·

558 1745 592 1782 ro
612 1744 678 1783 cum
695 1727 758 1782 eius
775 1726 953 1803 appofitione
969 1743 1182 1803 apparuerunt:
1211 1726 1349 1800 nullaque
1368 1728 1488 1783 omnino
1511 1730 1588 1783 ratio
1606 1726 1762 1804 prudenter
1779 1725 1883 1782 subelie

563 1817 674 1896 potell,
688 1837 742 1875 cur
759 1818 962 1897 typographut
977 1819 1126 1876 summarii
1139 1819 1293 1887 termulis,
1321 1821 1348 1876 ei
1365 1818 1444 1875 idem
1461 1819 1702 1877 clementinarum
1717 1818 1831 1887 luillet,
1853 1821 1889 1877 ‘m

431 1966 435 1974 ,
563 1913 662 1988 priori
678 1910 810 1969 editione
823 1929 931 1969 nomen
950 1912 1032 1968 luum
1049 1912 1196 1979 omiserit,
1214 1926 1243 1968 et
1257 1913 1289 1969 in
1305 1911 1459 1987 posteriori
1474 1912 1647 1989 apposuerit.

661 2002 819 2081 Praecipue
837 2003 927 2060 huius
946 2006 1042 2081 operit
1060 2006 1176 2061 raritati
1193 2023 1238 2060 me
1257 2003 1358 2061 debere
1382 2005 1520 2071 credidi,
1547 2021 1579 2060 ut
1597 2005 1771 2081 opinionem
1793 2024 1885 2061 meam

566 2098 653 2153 latiur
671 2097 868 2173 exposuerimt
887 2097 987 2154 saltem
1007 2119 1068 2165 ea,
1091 2116 1165 2171 quae
1183 2096 1357 2172 huciniuper
1382 2097 1534 2155 oblervata
1560 2096 1660 2164 luere,
1687 2097 1753 2153 aliis
1772 2098 1883 2155 Biblio-

566 2189 686 2267 grtphit
702 2189 739 2246 ed
754 2190 922 2247 ulteriorem
937 2190 1189 2267 indaginatiouern
1205 2190 1370 2247 inservient.
1495 2222 1500 2229 ·

884 2434 1287 2511 M.CCCCLXXV11.

358 2592 459 2703 ⁴594.
484 2643 531 2663 -
556 2604 1047 2705 ApprhniAleaeandrrhidc
1065 2606 1172 2681 bellis
1190 2631 1439 2680 romanorum
1465 2604 1640 2679 civilibus
1662 2604 1748 2678 libri
1766 2608 1813 2677 V.
1833 2650 1881 2663 -

275 2719 439 2795 Haecin
456 2720 650 2798 fronte-
674 2724 738 2799 fol.
764 2753 793 2800 ι.
815 2753 846 2801 a.
863 2726 1053 2801 Praefatio
1079 2725 1120 2798 P.
1143 2724 1302 2799 Candidi
1316 2723 1364 2798 ed
1382 2722 1514 2797 divum
1532 2720 1723 2819 Alsonsum
1741 2722 1885 2823 Arago-

276 2838 363 2914 mmr
388 2854 428 2915 et
455 2838 658 2942 utriusque
682 2844 836 2918 Siciliae
856 2868 987 2943 regern
1012 2843 1052 2915 in
1079 2842 1197 2916 libros
1229 2841 1400 2916 civilium
1426 2840 1615 2915 bellorum
1641 2867 1687 2915 ex
1713 2840 1883 2941 Appthno

281 2956 539 3033 Alexandnnn
555 2958 785 3059 in'jlatinum
802 2962 1008 3037 traductor.
1034 2962 1097 3035 lol.
1116 2986 1149 3033 2.
1176 2958 1340 3061 capitula
1366 2958 1554 3032 librorum
1579 2999 1624 3016 -
1649 2958 1711 3033 sol.
1730 2959 1762 3034 3.
1788 2959 1885 3047 liber

278 3074 428 3177 primur
443 3076 612 3179 Apprhni
627 3120 674 3137 —
692 3079 756 3154 fol.
783 3106 860 3154 102.
875 3080 973 3154 liber
989 3079 1055 3181 qui
1077 3078 1246 3178 illyricus
1264 3120 1315 3137 -
1329 3093 1368 3151 et
1389 3076 1450 3151 tol.
1471 3102 1550 3150 110.
1569 3075 1724 3152 celticus
1743 3078 1809 3178 qui
1828 3078 1885 3153 in·

276 3190 456 3275 scribitur
479 3235 530 3255 -··
556 3196 642 3271 finit
672 3196 770 3272 liber
801 3197 957 3299 quintus
981 3213 1020 3273 et
1041 3197 1199 3271 ultimus
1223 3196 1299 3269 foll.
1319 3223 1400 3268 211.
1428 3192 1491 3268 lin.
1503 3220 1561 3294 ²9·
1591 3194 1811 3294 impreffum
1837 3203 1886 3274 est

279 3312 358 3389 hoc
376 3339 475 3414 opue
511 3314 670 3388 Venethi
689 3341 760 3415 per
785 3316 1010 3389 Bemardum
1035 3318 1207 3414 pz'ctorem
1229 3330 1268 3387 et
1292 3312 1541 3386 Eberhardum
1566 3312 1718 3387 Ratdolt
1740 3315 1786 3389 de
1807 3317 1885 3391 Au-

279 3434 382 3529 gulla
399 3456 480 3506 unu
503 3424 593 3506 cum
621 3430 728 3506 Petro
744 3430 892 3530 Loffein
920 3433 967 3508 de
991 3434 1213 3530 Langencm
1240 3416 1527 3506 correctoriae
1545 3429 1665 3517 focio,
1691 3433 1771 3508 leue
1797 3435 1882 3509 Deo

274 3548 669 3624 M.CCCCLXXVll.
684 3588 737 3609 -·
755 3551 868 3625 Char.
887 3577 983 3627 rom.
1014 3577 1104 3626 curn
1127 3550 1268 3637 limbo,
1296 3551 1366 3626 litt.
1387 3550 1593 3625 initialibus
1615 3551 1719 3649 ligno
1751 3552 1881 3625 incisis.

278 3664 367 3765 ligra
384 3665 503 3785 epigr.
519 3667 789 3766 marginalibus
805 3667 938 3767 gloffis.
957 3670 1035 3746 foll.
1054 3697 1136 3743 211.
1158 3696 1239 3743 nou
1257 3695 1362 3744 num.
1381 3670 1444 3743 lin.
1461 3672 1519 3745 31.
1537 3669 1562 3743 f.

467 3827 597 3883 Pcazeri
613 3824 719 3883 Aunel.
736 3829 869 3905 Typogr.
883 3830 917 3884 T.
927 3830 955 3884 3.
973 3848 1002 3903 p.
1015 3831 1074 3884 130.
1094 3830 1203 3885 Nem.
1225 3830 1328 3889 Maitt.
1343 3848 1372 3903 p.
1383 3831 1446 3900 374.
1467 3849 1496 3884 v.
1512 3830 1644 3899 clement.
1663 3827 1696 3881 T.
1711 3847 1733 3879 1.

373 4036 456 4136 595.
482 4078 534 4095 -
557 4036 599 4111 Ρ.
624 4039 784 4112 Candidi
798 4040 838 4111 in
858 4037 974 4115 libros
993 4038 1159 4138 Appthm'
1174 4036 1346 4138 Sophiste
1364 4038 1619 4110 Alexandrini
1631 4035 1678 4109 ad
1694 4034 1885 4109 llh'colaum

278 4151 460 4255 quintum
476 4153 669 4230 summum
690 4156 909 4258 pontificem
929 4156 1113 4257 praelatio
1134 4154 1268 4258 incipit
1292 4154 1506 4230 felicillime.
1527 4195 1576 4210 --
1602 4154 1762 4228 Haecin
1781 4153 1887 4233 fron.

280 4286 331 4346 te.
353 4270 603 4347 f01.1.1inb0
622 4273 824 4376 litteraque
845 4273 979 4350 initiali
1002 4276 1104 4376 ligno
1127 4274 1238 4350 incisa
1257 4277 1461 4349 ornato'-
1479 4272 1541 4346 fol.
1555 4300 1587 4346 2.
1606 4272 1889 4349 Proemium-

277 4388 347 4465 fol.
355 4390 390 4465 6.
405 4389 502 4467 liber
516 4390 651 4494 incipit
667 4392 734 4494 qui
752 4393 900 4494 libycus
917 4392 1132 4470 inscribitur
1144 4439 1185 4453 -
1203 4377 1333 4483 [0148.
1347 4394 1382 4467 h.
1402 4393 1497 4467 liber
1509 4393 1690 4494 Synhs-
1703 4395 1766 4471 fol.
1781 4423 1836 4495 72.
1849 4397 1884 4471 b.

275 4506 480 4585 Parthicus.
496 4510 558 4587 fol.
571 4537 630 4611 90.
647 4511 1076 4588 Mithridaticum-finit
1092 4513 1155 4587 fol.
1169 4513 1319 4588 131.lin.
1331 4515 1388 4587 28.
1408 4512 1627 4615 imprellum
1639 4518 1687 4588 est
1703 4515 1883 4613 hocopus

281 4627 441 4701 Wnetrib
454 4655 525 4730 per
540 4630 766 4704 Bemardum
784 4630 960 4707 Pictorem
979 4649 1017 4708 et
1031 4632 1239 4706 Erkardum
1259 4634 1419 4707 Radoldt
1437 4632 1482 4709 de
1500 4635 1673 4731 Augusta,
1694 4659 1770 4706 una
1792 4658 1877 4704 cum

276 4744 384 4825 Petro
393 4746 541 4849 Loffein
556 4749 603 4825 de
623 4750 845 4861 haugencen
864 4770 1082 4830 correctore
1104 4777 1147 4830 ac
1159 4750 1278 4829 Porio.
1291 4752 1392 4830 Laus
1404 4752 1489 4827 Deo
1501 4748 1881 4826 MCCCCLXXVll.
