4320 5700
278 598 347 683 124
678 608 919 669 curatoriis
940 590 1317 671 aranocna'rrucua
1341 608 1498 669 unxxr.

274 805 314 865 et
335 786 624 863 administranda
636 789 790 890 Rep.-·
801 791 966 865 Suetonii
984 790 1193 887 Tranquilli
1205 790 1251 865 d'e
1270 788 1379 863 clario
1397 786 1887 864 GrammaticiaetRheto-

270 907 386 980 ribus.
400 905 780 1010 -Julriobsequentir
791 905 1061 1007 Prodigiorum
1075 908 1181 982 iiber.
1191 950 1241 967 -
1258 908 1363 981 Haec
1373 905 1413 981 in
1423 905 1888 1006 frontelimboiplendido

276 1024 519 1099 circumdata.
532 1026 647 1100 -sol,
657 1027 739 1100 eod.
753 1026 787 1100 3).
807 1025 969 1125 Epistola
989 1025 1221 1101 Bhenaniad
1237 1026 1438 1127 Gasparum
1457 1024 1892 1123 Vuesterburgrirm-fol.

281 1143 339 1241 37.
355 1143 418 1216 lin.
443 1170 495 1242 ¹9
517 1143 755 1242 Argentorati
766 1170 813 1218 ex
831 1143 1213 1218 aedibusHulderichi
1223 1144 1546 1219 Morlrardrmense
1564 1144 1799 1220 Novembris
1816 1146 1896 1219 An·

279 1262 394 1336 noM.
405 1261 452 1336 D.
462 1261 571 1336 xx1.
588 1277 770 1360 regnante
785 1264 885 1361 Imp.
902 1261 1001 1336 Caes.
1009 1262 1155 1337 Carolo
1171 1276 1244 1337 etc.
1259 1260 1372 1337 Char.
1392 1260 1455 1337 lat.
1470 1260 1548 1401 ioli.
1557 1261 1616 1337 35.
1637 1258 1761 1361 flgm’
1749 1290 1792 1337 ru
1806 1280 1890 1339 toto
2030 1282 2036 1287 ·

278 1378 568 1477 37.33ιι.3ι4.

467 1522 551 1577 ιο..
553 1522 676 1576 ...ιοο
679 1519 867 1595 norrypg
886 1502 1527 1597 ισοοφιισοιιιοτιοσε

373 1691 456 1787 887.
468 1731 515 1749 -
531 1687 684 1787 Postilla
708 1689 903 1763 Guillermi
920 1687 1034 1790 super
1054 1690 1235 1791 Epistolaa
1258 1706 1296 1764 et
1314 1687 1535 1788 Evangelia:
1557 1715 1630 1788 per
1652 1689 1775 1765 totius
1793 1692 1883 1767 anni

276 1809 483 1895 circulum
501 1808 548 1884 de
572 1823 746 1906 tempore
764 1808 912 1882 Sanctis
932 1823 970 1882 et
990 1835 1062 1909 pro
1080 1808 1284 1884 defunctis.
1306 1834 1394 1905 aere
1413 1822 1451 1881 et
1475 1821 1557 1882 arte
1575 1832 1679 1881 nova
1695 1806 1891 1909 impreil'a3

273 1924 401 1999 solerti
422 1925 618 2026 diligentia
636 1924 833 2001 cuiusdam
853 1925 926 1999 viri
952 1925 1117 2025 religioff
1133 1928 1206 2026 pro
1225 1924 1447 2001 scholasticis
1474 1940 1638 1999 exarata.
1650 1964 1701 1987 -·
1718 1926 1826 2003 Haec
1846 1928 1886 2001 in

276 2041 404 2118 fronte
424 2068 513 2117 cum
536 2043 647 2118 icone
669 2043 889 2141 Evangelist.
916 2058 954 2118 et
972 2044 1263 2143 Apostolorum,
1293 2042 1392 2115 infra
1423 2068 1471 2115 ex
1489 2041 1632 2141 inclyta
1655 2042 1811 2141 Basilea
1826 2044 1891 2118 fol.

282 2161 361 2249 346.
380 2160 416 2235 3).
434 2160 497 2235 lin.
514 2163 574 2235 26.
599 2161 853 2260 Exposltionia
876 2162 1089 2235 Graillermi
1100 2158 1486 2260 supecEvangelia-
1503 2159 1600 2233 finis.
1611 2160 1801 2262 Sequitur
1814 2162 1892 2262 pai-

222 2364 228 2373 .
280 2276 331 2352 fio
363 2277 509 2353 domini
540 2279 655 2354 nostri
679 2277 768 2353 Jeiu
801 2280 936 2353 Christi
966 2305 1037 2379 per
1061 2279 1219 2352 fratrem
1254 2279 1451 2351 Danielem
1476 2278 1696 2377 Agricolam
1729 2278 1896 2379 expolita

282 2397 467 2471 eumalio
490 2395 618 2482 icone,
645 2396 708 2471 fol.
727 2423 785 2495 27.
810 2397 873 2472 lin.
905 2424 959 2471 ιο.
978 2394 1134 2495 explicit
1154 2395 1426 2470 concordantia
1455 2412 1623 2497 quatuor
1640 2396 1892 2497 Evangelista·

277 2538 367 2589 rum
387 2512 426 2604 in
442 2511 649 2612 pollionem
670 2513 783 2588 Dom.
804 2514 920 2589 nostri
938 2510 1028 2587 Jesu
1052 2511 1186 2586 Christi
1210 2512 1310 2587 inter
1338 2512 1477 2614 priscas
1502 2512 1605 2589 haud
1625 2514 1736 2591 facile
1754 2512 1899 2591 secedet

275 2630 457 2707 secunda:
478 2659 501 2707 a
525 2630 694 2732 quodam
709 2631 825 2707 fratre
849 2630 1117 2706 observantino
1140 2630 1286 2705 ordinis
1316 2631 1520 2705 Minorum
1538 2632 1726 2709 concinne
1751 2631 1898 2733 digesta

278 2750 454 2850 Basileae
471 2749 646 2852 impressa
663 2748 764 2852 apud
797 2749 973 2823 Thomam
997 2749 1121 2847 Wolff
1134 2750 1249 2823 Anno
1268 2750 1321 2823 M.
1335 2748 1593 2824 DXXL'soi.
1611 2776 1672 2849 ²7·
1691 2752 1728 2827 3).
1748 2751 1900 2827 decasti·

285 2870 387 2947 chon
402 2896 475 2971 pro
492 2868 701 2968 gratiarum
715 2867 874 2945 actione.
898 2868 1009 2941 Char.
1032 2866 1136 2967 goth.
1154 2867 1240 2965 maj.
1253 2884 1292 2942 et
1303 2866 1458 2943 minuse.
1470 2892 1562 2944 curn
1574 2866 1710 2968 figuris
1725 2868 1805 2946 3033.
1822 2869 1902 2967 173.

283 2988 369 3088 fign.
392 2989 456 3063 tin.
475 2988 537 3062 fol.
555 2986 622 3061 ult.
643 3001 769 3060 textus
790 2986 826 3059 b.
847 2985 1062 3058 Comment.
1077 3009 1110 3083 9.
1138 2988 1171 3073 4.
1281 2982 1287 2992 ’

478 3127 615 3184 Editior
616 3125 777 3182 ιιὶιΐιιιιιιι
724 3141 851 3198 ιιιιιιιις
852 3143 945 3181 amre
946 3122 1058 3179 earhfita

378 3316 462 3391 388.
474 3356 519 3374 -
532 3313 747 3412 Bravfflma
764 3339 1007 3414 maximeque
1016 3313 1302 3415 compendiaria
1317 3292 1641 3390 conficiendarum
1652 3314 1901 3419 epistolarum

285 3434 471 3519 formula,
494 3458 565 3531 per
583 3433 772 3528 Erasmum
793 3432 1078 3506 Boterodamum.
1109 3432 1298 3529 Easdem,
1328 3430 1443 3507 ¹Anno
1467 3434 1520 3538 M.
1530 3432 1578 3506 D.
1588 3424 1698 3507 XXI.
1722 3434 1793 3509 soi.
1813 3436 1901 3511 eod.

283 3550 453 3650 Epistola
470 3549 620 3645 Erasmz
633 3548 870 3620 Hotarodami
888 3548 936 3621 ad
962 3548 1104 3621 Petrum
1132 3550 1438 3625 Baludanumae-
1455 3551 1520 3626 fol.
1552 3552 1605 3625 ι5.
1621 3550 1660 3625 3).
1677 3552 1783 3652 apud
1799 3552 1905 3629 Ada-

289 3695 386 3745 mum
406 3667 516 3743 Petri.
538 3664 713 3764 Basileae
732 3667 797 3739 152
779 3692 834 3741 1.
861 3665 973 3740 Char.
992 3667 1052 3740 lat.
1070 3665 1147 3740 fott.
1173 3652 1227 3742 ι5.
1246 3668 1308 3743 lin.
1328 3671 1386 3744 25.
1413 3646 1447 3746 8.
1622 3686 1626 3693 '

479 3806 631 3865 Editioin
663 3804 1033 3863 mnrmhiainuemnfibhd

300 3980 305 3994 Ι
382 4003 525 4104 389.-
541 3999 603 4075 De
624 3997 794 4075 amandis
814 3996 1069 4096 Pauperibus:
1095 3998 1265 4097 Gregorii
1276 3994 1502 4073 Nazanzem'
1516 3996 1691 4101 Episcopi
1712 4012 1753 4073 et
1766 3994 1900 4073 Then-

288 4122 366 4219 logi
386 4122 524 4197 Sermo
535 4164 582 4183 -
600 4122 773 4195 Eiusdem
790 4116 836 4191 ad
854 4116 1056 4215 Virginem
1074 4113 1352 4192 admonitorius
1362 4154 1408 4171 —
1424 4117 1594 4189 Ezirsdem
1611 4115 1741 4191 laudea
1751 4116 1904 4193 Maoca·

290 4238 532 4333 baeorum—
554 4244 768 4338 interprete
791 4235 843 4309 Io.
865 4236 1143 4335 oecolampadio
1153 4272 1199 4289 ···
1207 4229 1371 4330 Lrifiaffi
1385 4232 1487 4335 apud
1500 4233 1736 4308 Melchrarc'm
1751 4232 1902 4315 lotthe-

291 4381 379 4429 mm.
406 4357 522 4428 Anno
533 4355 692 4429 Domini
702 4352 901 4427 Millefimo
915 4350 1213 4453 quingentesuno
1225 4349 1403 4448 vigesimo
1416 4351 1555 4451 primo.
1565 4394 1613 4409 -
1630 4350 1902 4427 Haecin-fron·

289 4491 385 4550 te—
399 4474 463 4546 fol.
484 4473 611 4546 eodb.
634 4472 795 4571 Epistola
812 4473 1089 4571 Oacolampadri'
1097 4469 1144 4545 ad
1154 4468 1368 4543 Canonicos
1380 4470 1553 4544 Bemard.
1566 4484 1605 4544 et
1623 4470 1775 4545 Coamd.
1789 4468 1902 4543 Adel-

292 4620 405 4668 marm
426 4593 472 4666 de
488 4591 910 4685 Adclmannsselden.·-·
926 4591 989 4696 foi.
1013 4617 1066 4686 17.
1084 4591 1119 4662 b.
1147 4591 1217 4659 vita
1236 4585 1312 4660 divi
1333 4589 1504 4689 Gregorii
1525 4614 1597 4687 per
1620 4586 1754 4663 divum
1772 4588 1900 4662 Hiero-

292 4718 446 4815 aymam.
468 4711 532 4786 fol.
553 4710 636 4784 eod.
659 4708 722 4781 lin.
742 4714 800 4798 24.
820 4721 931 4797 Titos.
961 4707 1072 4781 Char.
1086 4702 1146 4780 lat.
1163 4700 1239 4779 foll.
1259 4705 1312 4804 17'.
1328 4732 1408 4780 non
1427 4705 1514 4809 fign.
1535 4705 1597 4783 lin.
1615 4702 1673 4780 38.
1699 4711 1735 4797 4.
1778 4796 1782 4805 Ι

484 4851 586 4911 Editio
604 4846 766 4906 hucutdutn
780 4866 840 4904 nou
856 4866 887 4901 re
905 4866 929 4901 er
942 4846 998 4901 fit..
1530 4834 1533 4839 '
