4320 5700
813 638 909 656 --
958 599 1066 698 )ο(
1115 639 1213 657 --
1540 640 1558 657 v·
1742 619 1821 683 xxt

329 805 346 898 ζ
388 798 558 872 Primam
578 796 708 896 (iuxta
735 792 884 895 ipsum)
917 792 1092 894 speciem,
1115 793 1367 896 xylographia
1393 795 1601 882 constituit,
1630 822 1729 897 quae
1763 813 1818 872 ta·-

217 959 332 1036 bellas
347 959 495 1060 paginis
512 958 699 1033 librorum
710 954 844 1031 fimilea
864 951 1000 1028 litteris
1014 953 1098 1028 lixia
1114 953 1325 1055 exsculpsit,
1343 956 1454 1053 itaut
1472 982 1519 1033 ex
1535 955 1636 1031 loliis
1657 958 1814 1056 conjun-

219 1119 288 1194 ctis
303 1119 390 1192 libri
407 1119 532 1193 forma
547 1116 738 1218 prodiret3
757 1115 804 1191 ad
821 1112 966 1203 clallem
981 1114 1078 1189 hanc
1092 1114 1283 1190 referendi
1298 1113 1385 1190 lunt
1399 1116 1475 1208 illi,
1494 1142 1662 1217 quarum
1678 1116 1809 1194 inven-

217 1297 343 1355 torem
358 1272 491 1355 Batavi
509 1278 683 1376 Costemm
701 1275 984 1351 Harlemenlem
999 1273 1237 1352 constituunt.
1257 1313 1261 1320 ·
1280 1280 1297 1368 ζ

236 1632 240 1643 “
326 1627 345 1721 ζ
386 1622 561 1700 Secunda
579 1620 695 1698 clallis
713 1620 856 1698 litteras
871 1620 964 1696 fixas
982 1620 1235 1698 commutavit
1253 1621 1293 1696 in
1310 1618 1490 1708 mobiles,
1512 1621 1616 1698 unde
1634 1621 1819 1700 versatilis

216 1784 280 1860 illa
293 1782 549 1886 typographia
568 1800 658 1860 nata
671 1786 738 1875 elt,
755 1783 816 1857 cui
830 1780 990 1882 proprie
1006 1806 1151 1856 nomen
1175 1780 1450 1884 Typograpkiae
1472 1781 1643 1859 debetur.
1682 1784 1699 1876 ζ

323 2131 343 2227 i
376 2105 509 2203 Tertia
522 2127 686 2230 denique
702 2130 846 2206 litteras
862 2127 1023 2231 sculptas
1035 2131 1230 2210 convertit
1244 2130 1286 2205 in
1302 2127 1410 2220 fialas,
1431 2154 1523 2231 quaa
1535 2126 1663 2204 Petrus
1671 2121 1821 2228 Schoes-

199 2287 311 2385 ferus
325 2287 537 2387 Moguntr'ae
551 2290 705 2391 reperit.

220 2638 222 2643 ’
304 2634 434 2710 Prima
456 2635 635 2736 praelullt
654 2634 857 2724 secundae,
885 2664 983 2739 quae
1003 2661 1136 2714 veram
1152 2634 1449 2741 typographiam
1464 2634 1675 2719 constituit,
1699 2635 1813 2711 tertia

212 2791 413 2868 secundam
430 2794 623 2894 expolivit

302 3138 454 3214 Primae
472 3137 587 3214 clallis
604 3155 745 3226 artem,
771 3169 868 3244 quae
882 3145 1001 3244 typica
1015 3144 1077 3218 vel
1089 3141 1281 3227 tabellaria
1305 3139 1561 3242 typographia
1583 3143 1650 3226 ell,
1674 3138 1807 3232 saltem

207 3297 254 3369 ad
272 3314 442 3371 mentem
455 3299 688 3383 Batavorum
704 3296 938 3396 ccfien'anam
956 3301 1187 3376 vocabimus.
1314 3351 1320 3363 ·

301 3621 497 3697 Secundae
519 3620 635 3698 clallis
651 3598 909 3726 artem-qnae
930 3652 1022 3701 vera
1039 3625 1295 3727 typographia
1318 3629 1385 3711 elt,
1414 3625 1729 3724 Guttenbergicam
1751 3625 1808 3700 di·

120 3795 128 3811 ⁸
197 3805 345 3871 cemus,

297 4127 430 4205 Tertia
447 4127 580 4203 itidem
598 4153 687 4206 vere
705 4144 742 4204 et
756 4129 914 4231 proprie
924 4126 1490 4229 Guttenbergico·Schocffiriana
1505 4086 1729 4229 appellanda
1742 4137 1802 4208 est.

271 4543 273 4547 Α
293 4473 364 4548 His
381 4473 556 4575 expolitis
574 4422 779 4576 dij-udicatu
796 4477 905 4554 facile
921 4481 969 4554 est
984 4477 1172 4554 saeculum
1191 4475 1362 4578 primum
1379 4475 1472 4552 artis
1498 4475 1799 4579 typographicae

197 4661 296 4710 anno
320 4635 422 4725 1436.
441 4634 585 4722 ordini,
610 4662 700 4710 cum
714 4653 819 4713 certo
837 4643 997 4724 constet,
1018 4664 1103 4715 eam
1123 4639 1200 4714 hoc
1222 4661 1322 4714 anno
1339 4665 1361 4713 a
1378 4635 1633 4736 Guttenbergio
1651 4636 1794 4738 Argen·
1893 4754 1896 4760 Ι

191 4795 296 4868 t1'nae
313 4794 448 4872 eodem
461 4795 616 4898 prorsus
636 4797 752 4873 modo
770 4797 897 4900 quoad
913 4797 1105 4876 essentiam
1120 4798 1226 4877 luille
1241 4796 1466 4883 exercitam,
1490 4822 1569 4899 quo
1594 4796 1710 4873 etiam
1723 4820 1793 4871 no·
1851 4877 1866 4887 ,
