4320 5700
314 531 363 608 56
468 605 473 629 .
720 552 960 614 caracoous
985 553 1361 620 amuocnrrmcus
1386 560 1512 621 unxi.

315 760 337 806 e
355 731 511 831 regione
529 729 653 806 schole
673 731 917 810 decretorum
936 737 1009 811 fita.
1033 738 1148 814 Anno
1168 700 1303 814 Christi
1321 741 1482 817 siderum
1499 741 1707 819 conditoris
1730 748 1841 827 1511.
1862 751 1926 827 de-

315 850 416 926 cimo
437 850 498 925 die
515 852 757 927 Novembris.
774 853 885 929 Char.
907 855 1010 953 goth.
1029 883 1117 930 cum
1137 859 1278 957 figuris.
1297 860 1373 933 loll.
1389 860 1447 933 32.
1467 887 1547 935 non
1565 860 1650 960 sign.
1668 862 1733 937 lin.
1751 865 1812 940 50.
1831 873 1869 957 4.

502 993 632 1047 Ponzeri
646 992 750 1050 Annal.
770 995 901 1070 Typogr.
920 997 955 1052 T.
967 1018 994 1071 7.
1014 1018 1042 1074 p.
1053 997 1118 1054 556.
1138 997 1175 1054 N.
1184 1000 1248 1072 473.
1267 1000 1371 1056 Motu.
1382 1001 1472 1065 Tom.
1482 1004 1523 1058 11.
1541 1021 1570 1078 p.
1584 1018 1648 1059 222.
1666 1002 1779 1062 conset.
1804 1007 1868 1065 vol.
1894 1029 1920 1065 r.

500 1083 511 1095 '
600 1086 659 1139 mei
679 1086 772 1141 Catal.
792 1088 829 1143 N.
852 1107 913 1164 ²9²·
930 1106 993 1164 272.

409 1282 549 1355 161.-
566 1280 641 1352 Titi
652 1276 753 1353 Livii
769 1275 944 1352 Patavini
959 1280 1116 1357 decades
1134 1309 1223 1356 cum
1240 1283 1370 1382 figuris
1386 1285 1540 1360 noviter
1565 1246 1738 1387 impresse
1751 1291 1919 1368 ——Haec

186 1432 191 1441 ·
310 1399 350 1471 in
369 1398 496 1473 sronte
513 1401 582 1473 col.
604 1400 840 1474 rubr-fol.
860 1399 942 1473 eod.
961 1401 1013 1475 Ιο.
1036 1401 1108 1474 An.
1125 1399 1240 1502 Epist.
1262 1400 1463 1499 Aleriensz's
1480 1403 1527 1477 ad
1550 1404 1656 1479 Paul.
1679 1406 1728 1480 ΙΙ.
1756 1407 1916 1485 Pontifi-

310 1544 411 1603 cem,
440 1535 477 1592 et
495 1519 656 1592 Marcum
683 1519 721 1591 S.
736 1519 860 1592 Marci
874 1518 1347 1621 cardinalem—sequitur
1364 1522 1468 1596 Florz'
1479 1523 1699 1623 Epitomma
1726 1526 1915 1604 decadum

308 1663 398 1710 cum
414 1637 593 1710 Sobellz'ci
603 1637 921 1712 annotationibus.
934 1638 1055 1711 -fol
1076 1641 1157 1713 253.
1169 1641 1204 1714 b.
1224 1640 1287 1713 lin.
1311 1640 1365 1714 id.
1383 1642 1427 1714 T.
1450 1642 1734 1718 Lecti'Decadea
1750 1645 1913 1723 feliciter

308 1756 519 1855 expliciunt
552 1758 750 1830 Venetiz'sa
781 1756 952 1857 Philippo
980 1756 1109 1831 Pinea
1141 1759 1350 1833 Mantuano
1375 1758 1582 1859 imprellae.
1611 1761 1727 1835 Anno
1762 1764 1912 1839 domini

306 1873 625 1948 MCCCCQXI.
655 1875 714 1949 die
734 1874 899 1948 XXVll.
934 1876 1171 1975 Septembris
1193 1877 1313 1950 incliti
1334 1875 1479 1950 domini
1498 1877 1915 1956 LeonardiLauredoni

311 1993 537 2068 Venellorum
560 1993 665 2067 ducis
686 1991 903 2067 serenillimi
928 1999 1157 2094 tempestate.
1175 1995 1530 2092 registrum-leon
1547 1997 1584 2070 8.
1603 1996 1771 2074 Antonii.
1797 2001 1907 2075 Char.

303 2111 367 2185 lat.
384 2112 497 2187 litter.
518 2113 599 2187 init.
619 2113 753 2187 incisae
777 2129 815 2187 et
831 2111 960 2212 grand.
988 2114 1096 2212 figur.
1122 2114 1335 2214 permultae
1362 2112 1507 2213 glossae.
1537 2115 1695 2215 margin.
1722 2117 1803 2193 foll.
1826 2118 1908 2193 253.

199 2306 206 2313 ,
302 2229 391 2330 [ign.
413 2231 453 2305 in
470 2248 553 2307 toto
573 2232 654 2305 263.
671 2233 733 2306 lin.
750 2233 808 2306 58.
827 2231 851 2305 f.

492 2371 621 2425 Ponzeri
637 2372 742 2427 Annal.
761 2375 893 2448 Typogr.
916 2374 953 2427 T.
970 2368 999 2428 8.
1016 2390 1045 2447 p.
1062 2381 1125 2447 404.
1142 2373 1180 2428 N.
1198 2372 1265 2447 546.

257 2565 262 2573 '
380 2555 795 2662 ,iba-'Genealogioe
821 2565 974 2638 Ioonmo
993 2564 1168 2636 Boccacz'i
1189 2589 1277 2636 cum
1302 2561 1572 2637 micantiffimis
1600 2562 1787 2640 arborum
1819 2567 1903 2642 effi-

295 2683 525 2783 giationibus
548 2684 731 2784 cuiusque
755 2683 905 2782 gentilis
924 2682 983 2756 dei
1002 2681 1227 2782 progeniem
1247 2708 1327 2756 non
1344 2699 1422 2755 tam
1439 2698 1583 2781 aperte,
1603 2708 1719 2782 quam
1736 2681 1903 2761 summa-

292 2801 366 2875 tim
386 2802 675 2888 declarantibus,
687 2827 851 2901 eumque
870 2797 1149 2899 praefaecunda
1164 2801 1350 2886 omnium,
1363 2827 1460 2900 quae
1479 2800 1519 2872 in
1533 2802 1609 2873 hoc
1625 2801 1723 2875 libro
1741 2800 1842 2891 sunt,
1854 2804 1903 2879 ad

289 2922 408 2994 finem
427 2922 564 2996 tabula.
593 2964 642 2978 -
666 2912 925 3017 Eius'demque
944 2917 990 2991 de
1012 2919 1206 2991 montibus
1226 2935 1264 2992 et
1282 2918 1391 3005 suvia,
1414 2918 1460 2993 de
1477 2917 1658 3007 sontibus,
1676 2919 1838 2995 lacubus
1863 2939 1902 2997 et

290 3037 525 3125 fluminibus,
544 3067 586 3115 ac
605 3039 720 3114 etiam
736 3038 782 3111 de
806 3036 939 3134 stagnis
957 3051 996 3108 et
1017 3036 1228 3135 paludibus,
1249 3063 1321 3110 nec
1341 3062 1421 3109 non
1441 3036 1487 3109 de
1505 3035 1673 3111 maribus
1692 3035 1756 3112 seu
1771 3036 1900 3115 diver·
1932 3123 1936 3131 ,

287 3146 333 3226 'fis
352 3155 467 3227 maris
486 3156 706 3230 nominibus
732 3155 818 3229 libri
844 3153 1123 3230 luculentissimi
1146 3154 1311 3254 denique
1336 3154 1591 3228 humanarum
1613 3153 1832 3261 litterarum
1848 3200 1902 3220 ·-

289 3268 396 3346 Haec
414 3271 544 3344 onmia
560 3272 599 3344 in
618 3274 742 3347 fronte
764 3301 852 3348 cum
871 3275 970 3374 infig.
990 3289 1142 3374 typogr.
1168 3288 1206 3347 et
1233 3271 1501 3372 subscriptione
1531 3276 1718 3372 praestant
1744 3273 1786 3348 in
1808 3277 1899 3353 vico

286 3390 364 3464 divi
383 3388 517 3462 Jacobi
539 3389 603 3461 sub
627 3389 849 3486 interfigniis
868 3393 987 3464 trium
1006 3417 1237 3465 coronarum
1258 3390 1540 3465 coloniensium
1562 3408 1675 3491 atque
1696 3391 1776 3468 diri
1793 3394 1900 3470 Mar-

284 3507 491 3580 tini-fol.
512 3507 593 3580 eod.
616 3507 779 3605 Epistola
794 3507 885 3579 loon
909 3507 1083 3581 Kierlterz'
1095 3508 1141 3582 ad
1169 3506 1378 3604 Gottsn'dum
1405 3510 1622 3610 Hittorpzicm
1641 3510 1897 3613 bibliopolam

284 3625 875 3701 Coloniensem.-Proaemium
892 3641 931 3700 et
945 3625 1040 3699 liber
1057 3628 1205 3726 primus
1226 3626 1289 3700 fot.
1311 3628 1389 3700 162.
1408 3625 1470 3701 lin.
1490 3629 1549 3718 43.
1571 3626 1896 3726 Ραηῇίβὶζτειου-

280 3745 364 3821 sum
384 3751 431 3821 est
451 3746 607 3821 stanneis
627 3747 701 3818 hoc
724 3771 822 3843 opus
842 3745 984 3818 notulis
1012 3771 1131 3844 opera
1155 3760 1193 3819 et
1215 3743 1382 3845 expensis
1410 3746 1570 3847 dzbnysii
1591 3747 1700 3832 Buce,
1717 3748 1901 3827 Ladona·

279 3867 453 3940 Homlten
472 3882 509 3940 et
526 3865 717 3939 sociorum
739 3863 819 3937 eius
838 3863 1012 3938 vicesima
1030 3862 1189 3938 secunda
1208 3864 1268 3938 die
1294 3863 1451 3963 Augusti
1469 3866 1583 3939 Anno
1599 3865 1760 3940 Domini
1780 3869 1891 3944 mile-

279 3985 373 4059 fimo
394 3984 694 4088 quingentesimo
713 3982 973 4056 undecimo-
986 3981 1206 4080 Regillrum.
1223 3984 1334 4056 Char.
1353 3982 1455 4056 latin.
1468 3982 1560 4057 Litt.
1580 3983 1659 4057 init.
1676 3983 1776 4059 ineis.
1784 3985 1888 4085 gloll'.

277 4129 396 4202 marg.
416 4106 492 4179 foll.
520 4108 597 4180 162.
619 4104 704 4204 fign.
728 4102 791 4176 lin.
812 4103 870 4192 64.
888 4101 913 4175 s.
952 4188 956 4196 Ι

467 4243 717 4300 romatiana.
736 4245 868 4320 Typogr.
887 4243 923 4299 T.
941 4262 969 4317 7.
990 4259 1017 4318 p.
1029 4242 1093 4298 551.
1111 4241 1149 4298 N.
1168 4241 1231 4315 437.
1251 4238 1352 4295 Mater.
1370 4239 1434 4296 Ind.
1450 4243 1476 4295 1.
1498 4261 1527 4319 p.
1559 4237 1620 4318 189.
1649 4241 1782 4300 Clamant
1800 4245 1837 4301 T.
1853 4254 1884 4319 4.

562 4355 593 4410 p.
610 4337 673 4391 331.
696 4354 765 4391 nota
783 4334 829 4393 58.

280 4565 285 4574 .
371 4505 509 4580 163.-
528 4505 654 4578 Boetiz'
677 4505 839 4578 Severini
859 4506 905 4579 de
935 4485 1191 4579 consolatione
1210 4501 1471 4604 philosophiae
1501 4532 1598 4606 opus
1628 4507 1880 4607 praeclarum,
1920 4600 1925 4607 .

270 4656 358 4704 cum
378 4623 639 4730 precibatione
657 4620 1334 4713 IoannisMonaele'z'Ruremundensls
1354 4623 1393 4695 in
1413 4625 1492 4699 eius
1513 4625 1879 4701 ennarrationem-
1921 4616 1924 4621 ¹

269 4748 373 4824 Haec
390 4750 430 4824 in
445 4743 716 4823 fronte-fol.
740 4748 797 4832 42.
818 4740 881 4817 lin.
901 4768 936 4842 9.
957 4740 1075 4821 divini
1098 4742 1223 4851 Boett'i
1235 4740 1280 4817 de
1299 4741 1555 4821 consulatione
1583 4770 1680 4845 opus
1701 4743 1805 4821 mille
1833 4743 1876 4818 in
