4320 5700
798 661 896 682 ..-
944 624 1052 720 )0(
1101 658 1198 678 --
1706 636 1798 698 xvu

204 812 515 941 anm‘t'alefia
539 818 772 898 Harlemenfi
789 816 937 894 custode
955 816 1133 920 accepisse
1148 820 1218 903 ait;
1242 816 1387 894 bivero
1404 831 1528 896 totam
1542 844 1626 895 rem
1643 844 1690 895 ex
1707 825 1798 896 telle

200 993 373 1077 oculato,
404 987 570 1063 Corneto
583 982 724 1059 scilicet
740 981 930 1060 librorum
949 983 1085 1081 Costen'
1098 997 1343 1084 compactore
1365 982 1458 1058 olim
1485 982 1723 1064 subministro
1746 991 1802 1065 in-

195 1148 376 1228 tellexisse
399 1148 650 1225 affirmarunt.
692 1147 710 1240 ζζ
749 1146 924 1220 Faustum
950 1172 1092 1247 nempe
1106 1202 1126 1236 ,Α
1140 1146 1202 1220 vel
1227 1142 1344 1219 alium
1369 1170 1416 1219 ex
1441 1142 1628 1248 operariis
1648 1129 1800 1249 Costen‘,

197 1313 277 1416 ipsa
296 1313 430 1388 Christi
457 1311 642 1388 natalium
659 1327 772 1388 nocte
794 1308 905 1384 sacris
923 1305 1161 1392 solennibus,
1186 1300 1274 1379 cum
1294 1306 1410 1428 herus
1433 1307 1644 1397 interesset,
1670 1313 1800 1390 omnia

78 1555 83 1573 ί
193 1476 473 1577 typographiae
493 1475 738 1547 instrumenta
755 1496 803 1545 ex
818 1469 975 1545 aedibus
993 1467 1074 1542 eiua
1090 1468 1266 1541 Harlemo
1285 1462 1607 1562 Amstelodamurn,
1626 1473 1714 1550 inde
1731 1475 1796 1551 Co·

60 1710 63 1713 .
192 1638 352 1722 lomim,
377 1650 433 1759 “a
437 1633 602 1735 denique
624 1630 850 1732 Mogontrbm
874 1630 978 1704 surto
999 1626 1224 1703 transtulisse
1252 1626 1331 1703 fuse
1361 1646 1529 1718 enarrat,
1561 1634 1627 1708 ubi
1652 1661 1799 1712 novum

193 1794 376 1898 professus
392 1820 594 1881 arcanum,
610 1792 715 1894 quod
732 1793 772 1866 in
796 1807 966 1866 extrema
981 1785 1194 1864 necessitate
1215 1786 1392 1887 detegere
1408 1816 1487 1867 non
1506 1794 1635 1892 potuit
1652 1852 1662 1881 ,
1690 1796 1796 1883 inde·

193 1982 268 2058 que
285 1956 331 2031 de
347 1940 564 2055 patrocinio
583 1951 754 2037 securus,
774 1944 977 2050 tranquille
999 1949 1096 2023 lares
1114 1947 1230 2048 sigere
1246 1949 1389 2048 potuit3
1412 1977 1489 2050 quo
1514 1953 1614 2029 facto
1636 1982 1683 2032 ex
1700 1957 1800 2034 litte-

193 2114 248 2188 rie
264 2113 368 2189 furto
385 2112 518 2190 ablatis
537 2113 638 2190 inter
651 2109 836 2186 vertentis
857 2109 946 2185 anni
968 2107 1130 2209 spatium
1145 2105 1286 2184 scilicet
1306 2114 1408 2200 1442.
1438 2109 1514 2185 duo
1536 2111 1654 2189 libelli
1681 2115 1798 2192 emissi

187 2273 307 2353 suere.
344 2276 368 2373 ξ

293 2661 377 2762 Age
393 2686 507 2746 vero,
524 2658 550 2733 fi
567 2656 681 2734 huius
696 2655 925 2734 narrationis
942 2655 1234 2731 circumstantiae
1258 2657 1306 2731 ad
1329 2657 1513 2736 trutinam
1534 2625 1631 2763 juria
1655 2669 1803 2751 exami-,

196 2847 353 2906 nemus,
370 2820 513 2894 nullam
528 2819 641 2919 plane
658 2818 741 2893 veri
762 2815 1045 2892 similitudinem
1063 2816 1115 2921 illi
1143 2815 1255 2892 inesse
1279 2817 1387 2894 facile
1413 2823 1627 2923 apparebit:
1658 2846 1696 2901 1⁰
1714 2830 1798 2928 qui·

192 2978 299 3069 dern,
322 2979 433 3082 quod·
446 2976 638 3080 perfimam
656 2977 751 3054 suria
768 2977 921 3066 attinet,
949 2975 1061 3077 ipsius
1084 3001 1298 3078 cognomen
1321 2979 1385 3076 25)
1413 2977 1795 3080 ignoratur3s1inda·

191 3168 324 3243 gemus
340 3167 436 3228 rem,
455 3125 567 3243 plane
586 3140 760 3241 ignotum
777 3143 843 3228 est,
868 3155 1000 3216 utrum
1023 3139 1203 3227 tabellae,
1224 3154 1290 3213 aut
1302 3139 1472 3231 litterae,
1493 3161 1559 3220 aut
1577 3123 1793 3248 qualiscun-

192 3326 267 3401 que
284 3302 356 3382 alia
372 3299 649 3403 typographica
664 3297 854 3400 suppellex
866 3299 976 3373 >furto
995 3256 1117 3374 ablata
1133 3299 1258 3374 suerit.
1276 3301 1343 3373 3ῑίο
1359 3305 1464 3404 quod
1480 3308 1621 3382 modum
1640 3310 1791 3410 spectat,
1835 3392 1837 3395 ,

191 3462 415 3538 incredibile
432 3486 556 3561 prope
573 3431 727 3534 videtur
741 3458 829 3546 esse,
846 3458 972 3533 furem
992 3485 1202 3560 paucarum
1218 3461 1404 3538 horarum
1417 3463 1542 3566 ,spatio
1567 3485 1712 3545 tantam
1732 3496 1795 3548 re·

185 3608 454 3725 rum'copiani
478 3619 682 3707 abstulisse,
713 3647 811 3722 quae
836 3619 993 3720 integris
1020 3620 1107 3696 dein
1125 3621 1231 3697 libris
1255 3623 1302 3697 ab
1330 3624 1408 3724 ipso
1429 3626 1615 3727 impressis
1642 3629 1792 3706 suffice-

185 3800 256 3862 ret.
280 3793 335 3876 4ῑο
349 3783 521 3885 respectu
536 3784 705 3882 tempon's
719 3781 888 3857 narratio
906 3781 1014 3854 Jum'i
1024 3795 1062 3855 et
1078 3782 1247 3855 Scrzten'i
1258 3783 1384 3858 insistit
1397 3787 1510 3861 nudis
1527 3788 1685 3875 assertis,
1705 3817 1787 3864 non

64 4028 72 4041 ,
187 3946 465 4033 enimconstat,
484 3971 531 4020 an
552 3942 755 4047 quisquam
770 3955 835 4023 aut
852 3941 978 4017 furem
992 3939 1230 4040 persecutus,
1252 3961 1316 4019 aut
1335 3945 1575 4046 querimonia
1593 3949 1639 4022 de
1657 3949 1727 4023 hac
1744 3977 1787 4025 re
1880 3954 1884 3959 ’

185 4131 358 4207 unquam
373 4121 478 4180 mota
491 4104 625 4193 farerit3
653 4100 748 4203 quin
765 4102 843 4177 imo
861 4128 932 4176 nec
951 4126 1070 4176 annua
1093 4103 1185 4178 surti
1203 4103 1386 4183 commissi
1406 4106 1702 4209 determinatur,
1724 4111 1787 4187 sed

280 4743 330 4817 25)
349 4742 487 4800 Juntusl.
507 4762 530 4798 c.
550 4741 644 4797 furem
664 4759 839 4816 praenomen
857 4741 982 4797 Joannr's
999 4740 1127 4806 habuisse
1143 4743 1237 4800 resera.
1256 4749 1477 4810 aldemanus
1494 4750 1550 4814 l.c,
1563 4724 1730 4829 T.'1.p.84.

1477 4940 1497 4986 (¹,
