4320 5700
868 673 967 692 --
1016 633 1125 731 )0(
1173 670 1285 696 -·-<-
1781 650 1892 709 xxm

291 835 459 953 prorsus
479 822 561 946 eit,
585 842 776 951 operain
795 831 905 924 hisce
924 830 1177 950 corporibus
1197 848 1239 919 ct
1264 827 1588 923 collectionibus
1610 844 1814 922 contenta
1831 834 1891 958 su·

177 1120 181 1126 .
289 1042 555 1153 paratimque
572 1039 765 1154 impressa
780 1064 935 1154 magno
955 1033 1173 1152 dispendio
1196 1058 1457 1150 conparare.
1492 1031 1563 1125 2³⁰
1581 1029 1731 1135 Locuo¹
1750 1032 1889 1153 pbyli·
1970 1002 1973 1008 ’
2111 1143 2117 1153 .

291 1264 365 1323 cur
384 1238 437 1326 ad
458 1245 663 1326 maiorem
682 1238 945 1328 voluminum
962 1235 1228 1325 selectiorum
1246 1261 1460 1324 numerum
1482 1233 1776 1325 collocandum
1801 1233 1886 1324 sus·
2018 1371 2020 1376 Ι

290 1433 404 1545 licit3
427 1433 508 1554 35⁰
525 1435 713 1554 denique
727 1442 870 1527 omnia
887 1433 1054 1524 inbisce
1076 1431 1405 1524 collectionibus
1427 1434 1609 1554 dispersa
1626 1402 1891 1526 miscellanea

291 1632 366 1723 suo
385 1633 490 1723 loco
507 1636 737 1727 commode
749 1641 1034 1753 reperiuntur,
1057 1635 1361 1753 nequidquam
1376 1640 1634 1754 incognitum
1654 1650 1888 1726 remaneat.

378 2002 492 2096 Huic
508 2032 640 2126 porro
658 2008 857 2127 catalogo
876 2008 1137 2128 systematice
1156 2009 1353 2098 ordinato
1374 2017 1499 2098 etiam
1524 2027 1747 2100 contentos
1765 2038 1888 2131 quor·

292 2233 461 2324 cunque
496 2214 539 2296 in
565 2214 669 2298 actia
696 2226 740 2299 et
761 2214 1069 2300 commentariis
1099 2199 1404 2297 ferc'omnium
1423 2201 1629 2326 Europae
1657 2208 1893 2300 academia·

292 2434 382 2494 rum
398 2423 606 2499 tractatus·
623 2427 667 2501 et
688 2406 995 2539 dissertationes
1017 2406 1192 2510 inserui,
1210 2408 1426 2525 persuasus
1447 2407 1687 2527 catalogum
1705 2408 1893 2500 hocmo·

287 2605 345 2694 do
365 2605 602 2698 instructum
626 2637 711 2699 uon
739 2608 934 2707 litteratis
953 2608 1117 2716 solum,
1141 2605 1213 2694 sed
1232 2622 1274 2694 et
1292 2607 1387 2724 ipsis
1409 2602 1681 2698 bibliothecis
1701 2637 1788 2699 non
1815 2639 1890 2728 pa·

191 2831 193 2835 ·
290 2833 380 2890 rum
408 2803 640 2895 allaturum
672 2811 755 2896 esse
775 2807 993 2914 utilitatis3
1020 2803 1182 2923 smgulis
1203 2802 1401 2921 adeoque
1432 2813 1549 2894 annis
1582 2813 1661 2895 tria
1689 2811 1741 2896 ad
1769 2814 1890 2912 mini·

296 3031 407 3090 mum
427 3005 646 3096 volumina
666 3008 791 3126 ipsrus
817 3004 981 3094 edenda
1003 3005 1226 3122 proposui,
1255 3033 1348 3094 cum
1375 3010 1482 3093 inter
1502 3020 1568 3092 tot
1588 3007 1808 3124 catalogos
1825 3002 1939 3149 bi·t

292 3196 598 3293 bliotbecarum
611 3209 826 3322 impressos
845 3235 922 3294 nec
942 3232 1068 3295 unum
1086 3202 1302 3320 bucusque
1320 3207 1563 3311 invenerim,
1576 3212 1650 3322 qui
1669 3201 1726 3337 ob
1742 3204 1884 3295 defec-

283 3413 377 3485 tum
406 3400 529 3489 buius
548 3403 731 3518 requisiti
756 3403 868 3519 quasi
890 3357 1113 3490 essentialis
1136 3410 1247 3491 votis
1266 3410 1371 3490 meis
1390 3404 1677 3522 respondisset.

239 3791 242 3798 ·
388 3768 520 3887 Quod
539 3776 757 3866 volumina
774 3774 1006 3895 posteriora
1034 3771 1157 3867 buius
1180 3774 1364 3892 catalogi
1388 3768 1713 3894 bibliographici
1742 3774 1880 3865 adbuc

278 3973 491 4088 speciatim
511 3980 681 4083 attinet,
699 4004 894 4063 uumerus
913 3972 1214 4092 exemplarium
1233 3926 1290 4059 ad
1307 4002 1499 4063 normam
1512 3918 1737 4065 voluminis
1758 3983 1876 4091 prio·

277 4177 334 4259 ris
359 4174 623 4262 centesimum
642 4203 728 4264 non
747 4173 925 4262 excedit.
956 4167 1172 4261 Sumtibus
1199 4177 1308 4260 cuim
1327 4178 1509 4289 propriis
1536 4161 1620 4259 hoc
1649 4201 1758 4289 opus
1782 4203 1876 4291 per·

272 4371 504 4461 ficiendum
521 4373 705 4492 suscepi,
727 4387 773 4463 ut
800 4376 951 4490 scopus
972 4368 1274 4462 bibliothecam
1310 4369 1417 4461 hauc
1447 4401 1574 4490 quam
1606 4374 1794 4463 citissime
1829 4382 1873 4468 iu

271 4571 461 4661 ordinem
474 4572 690 4690 redigendi
705 4580 931 4693 attingatur
941 4604 957 4684 3
975 4571 1029 4659 de
1042 4601 1137 4661 meo
1148 4572 1346 4692 adeoque
1356 4578 1524 4664 minime
1540 4572 1741 4664 sollicitus
1753 4603 1870 4664 emo·

134 4853 140 4863 .
260 4768 463 4862 lumento
492 4779 621 4862 etiam
643 4770 805 4863 fructur
831 4774 985 4864 exinde
1018 4772 1260 4864 resultantes
1290 4781 1547 4863 incremento
1577 4769 1864 4893 bibliothecae
