4320 5700
301 593 350 696 lss
707 626 947 686 cursnoous
971 623 1346 685 nrsuocnsrnrcus
1374 617 1497 682 umx.

304 787 504 907 praetereo
519 804 565 878 de
586 807 774 893 numeris,
796 805 1030 906 ponderibus
1052 823 1090 880 et
1107 805 1302 891 mensuris,
1322 805 1367 880 de
1390 802 1791 904 praeexercitamentis
1808 801 1911 878 Rhe·

304 923 468 1007 toricae‚
504 923 548 995 de
576 924 740 998 verfibus
766 923 942 1010 comicis,
964 924 1014 999 'de
1048 923 1390 1009 decimationibus,
1415 947 1486 997 nec
1515 947 1594 994 non
1620 921 1666 995 de
1688 920 1759 994 fitu
1783 921 1911 1010 orbis,

305 1041 435 1115 omnia
459 1042 602 1141 quippe
628 1042 898 1117 accuratillime
923 1042 1131 1116 emendata.
1154 1085 1197 1100 -
1216 1043 1320 1115 Haec
1349 1041 1388 1114 in
1414 1041 1602 1114 fronte-
1621 1040 1685 1113 fol.
1712 1038 1854 1113 eodem
1871 1040 1906 1113 b.

303 1159 469 1258 Epistola
495 1161 668 1232 Danielis
702 1158 869 1256 cajetani
891 1161 1143 1241 cremonenfis
1171 1161 1217 1234 ed
1242 1159 1427 1233 Andream
1455 1159 1639 1233 Mocem'co
1657 1158 1757 1232 Patr.
1786 1161 1906 1233 Vene-

303 1292 452 1349 tum.-
474 1278 536 1350 fol.
554 1305 586 1350 2.
606 1279 791 1377 Prologus
803 1321 851 1335 —
869 1278 930 1351 fol.
950 1278 1030 1350 382.
1051 1278 1113 1351 lin.
1131 1279 1187 1366 48.
1209 1276 1426 1377 imprellum
1446 1264 1601 1349 Venetus
1614 1302 1684 1375 per
1694 1273 1904 1375 Philippum

300 1395 465 1466 Prnctitm
485 1396 723 1468 Mantuanum
753 1398 806 1469 M.
816 1397 862 1468 D.
874 1395 940 1469 IX.
969 1395 1030 1470 die
1048 1395 1153 1468 XVl.
1176 1395 1413 1494 Septembris
1431 1393 1478 1466 D.
1499 1393 1545 1465 D.
1558 1392 1747 1466 leonardo
1765 1391 1903 1464 Laure-

301 1515 398 1585 dano
418 1513 662 1587 Venetiarum
688 1515 796 1588 Duce
822 1513 1051 1591 serenillimo
1079 1513 1299 1612 imperante.
1324 1511 1523 1611 Sequitur.
1543 1510 1604 1582 lol.
1631 1509 1714 1583 cod.
1735 1510 1777 1581 B.
1802 1509 1901 1607 regi-

179 1663 182 1669 ·
302 1634 427 1704 lirum.
457 1631 568 1704 Char.
585 1632 644 1703 lat.
668 1631 794 1730 grand.
814 1632 852 1703 in
871 1647 978 1705 textu
1004 1631 1183 1705 mediocr.
1203 1630 1241 1703 in
1258 1644 1461 1702 comment.
1485 1626 1619 1727 glollae
1644 1626 1802 1726 margin.
1821 1627 1898 1700 foll.

303 1748 384 1821 283.
403 1764 610 1822 numerata.
630 1748 693 1820 lin.
713 1756 770 1837 44.
793 1749 831 1821 in
846 1765 936 1821 text.
957 1751 1014 1821 62.
1034 1748 1056 1820 f.
1080 1777 1128 1821 ex
1145 1747 1601 1823 collectroneHerbiziana.
1665 1730 1668 1735 .

493 1889 620 1942 Panzeri
637 1887 742 1942 Annsl.
759 1890 888 1962 Typogr.
908 1889 943 1943 T.
952 1882 979 1944 8.
997 1909 1025 1963 p.
1041 1887 1105 1962 396.
1122 1888 1159 1943 N.
1172 1899 1235 1962 477.

402 2058 478 2131 132.
491 2099 541 2114 -
552 2057 713 2158 Accipite
715 2056 1012 2156 studzbsz‘omnes
1022 2057 1116 2131 Auli
1128 2059 1246 2131 Gellii
1259 2074 1390 2132 noctes
1399 2056 1675 2131 nucantillimas
1687 2084 1695 2128 :
1711 2053 1751 2127 in
1761 2053 1899 2155 quibus

298 2175 443 2274 vigilias
459 2193 498 2250 et
513 2175 702 2250 somnium
726 2176 975 2276 peccatillime
1004 2176 1207 2275 reponetis.
1236 2176 1339 2247 Nihil
1365 2174 1466 2249 enim
1494 2173 1535 2246 in
1563 2173 1688 2248 latinis
1710 2173 1899 2270 obstrepet

296 2295 577 2368 inconcinnum.
607 2299 649 2366 ln
670 2295 813 2393 graecis
833 2296 980 2378 minus,
1002 2295 1144 2394 quippe
1166 2322 1262 2395 quse
1282 2319 1480 2395 nunquam
1500 2290 1657 2367 antehac
1686 2284 1826 2365 fuerint
1840 2315 1899 2363 ac·

297 2412 464 2488 curatius
482 2412 698 2496 emendata,
718 2412 806 2486 binc
824 2438 973 2498 rerum,
989 2427 1027 2486 et
1044 2412 1255 2485 dictionum
1269 2410 1520 2512 speciosarum
1545 2409 1709 2483 indicem
1730 2407 1900 2507 locuple·
1937 2409 1940 2412 ’

293 2529 474 2603 tillimum
491 2529 669 2602 habetote
690 2547 726 2603 et
743 2530 828 2602 libri
846 2532 948 2602 Vlll.
966 2557 1082 2630 quem
1099 2529 1348 2603 defideramus
1369 2528 1509 2628 capita:
1524 2525 1898 2628 quaeantebacnun-

294 2674 410 2748 quam
428 2648 466 2721 in
487 2649 611 2722 lucem
630 2647 912 2746 prodierunt-
930 2649 1028 2724 infra
1045 2650 1168 2747 imago
1188 2648 1224 2720 S.
1248 2649 1349 2720 Ioan.
1374 2647 1479 2746 Bapt.
1497 2645 1600 2718 Laus
1617 2644 1703 2718 Deo
1715 2669 1805 2717 cum
1818 2643 1900 2743 pri·

292 2765 431 2863 vilegio
447 2813 489 2826 -
508 2769 571 2841 fol.
590 2766 725 2840 eodem
751 2767 785 2839 b.
806 2765 908 2839 Petri
928 2767 1062 2839 Feretti
1077 2765 1250 2840 Rbenani
1277 2782 1315 2840 et
1337 2766 1464 2838 Caroli
1482 2764 1626 2864 Capelli
1639 2760 1895 2862 Epigramnta.

288 2884 436 2959 -dein
458 2886 642 2985 Epistolae
658 2884 1013 2983 th'lzppiBeroaldz'
1027 2901 1064 2957 et
1081 2885 1158 2958 Nic.
1185 2886 1317 2956 Fetettz'
1333 2922 1374 2940 -
1398 2881 1545 2955 Tabula
1566 2921 1609 2939 -
1628 2879 1690 2953 fol.
1714 2907 1742 2952 1.
1760 2878 1898 2979 incipit

289 3003 383 3074 Auli
399 3004 516 3075 Gellii
529 3002 702 3076 noctium
722 2999 906 3075 eticorum
928 3018 1131 3101 commeqt.
1152 3001 1247 3075 liber
1265 3001 1423 3101 primus.
1444 3042 1493 3056 -
1513 2998 1605 3071 finit.
1626 2997 1700 3071 loll.
1729 2999 1808 3086 145.
1829 2996 1895 3070 lin.

288 3119 345 3191 36.
369 3119 586 3216 imprellum
611 3122 768 3193 Venetzi's
786 3144 855 3218 per
871 3119 1045 3191 Ioannem
1064 3119 1110 3200 de
1135 3121 1280 3193 Trz'dz'no
1296 3118 1385 3192 alias
1411 3119 1446 3189 T
1440 3121 1606 3208 scurnum
1624 3117 1739 3188 Anno
1755 3114 1897 3189 Domi·

288 3236 329 3308 ni
351 3235 459 3308 MD.
471 3236 538 3308 lX.
557 3237 616 3311 die
628 3238 726 3315 XX.
746 3238 900 3338 Aprilis.
931 3237 1143 3336 Registrum
1171 3254 1208 3312 et
1226 3237 1364 3336 infigne
1389 3253 1541 3336 typogr.
1560 3233 1602 3307 Z.
1620 3234 1664 3307 T.
1682 3231 1758 3306 duo
1776 3232 1895 3308 hexa-

287 3369 421 3426 metra.
450 3353 560 3427 Char.
583 3379 677 3428 rom.
698 3355 767 3431 litt.
789 3356 950 3430 initiales
970 3357 1112 3430 incisae.
1135 3355 1281 3430 Glollee
1299 3380 1416 3454 marg.
1437 3354 1514 3430 foll.
1539 3354 1606 3428 135
1618 3350 1761 3452 fign-
1782 3366 1822 3426 et
1837 3352 1894 3427 18.

289 3473 360 3546 fine
379 3498 542 3547 numero
563 3471 624 3544 lin.
644 3479 701 3560 42.
729 3473 752 3546 f.

476 3614 604 3668 Panzeri
621 3611 726 3666 Annal.
747 3613 877 3687 Tirpogr.
897 3608 968 3669 T.8.
987 3633 1015 3688 p.
1025 3614 1088 3689 397.
1107 3614 1145 3669 N.
1155 3623 1219 3688 479.
1239 3615 1340 3669 Melet.
1361 3614 1396 3668 T.
1407 3629 1433 3667 2.
1452 3632 1480 3688 p.
1491 3628 1553 3670 202.

381 3783 516 3856 133.-
545 3782 763 3884 Qrtz'ntuplex
787 3779 1022 3878 Psalten'um:
1053 3783 1260 3869 Gallicum,
1279 3785 1516 3869 Romanum,
1546 3780 1889 3866 Heb1·aicum,ve-

281 3918 362 3989 tus,
381 3901 635 3976 conciliatum.
649 3946 696 3960 -
711 3901 815 3974 Haec
836 3900 873 3972 in
896 3901 1021 3974 fronte
1039 3900 1156 3974 limbo
1177 3900 1323 3975 inclula.
1350 3901 1412 3974 fol.
1441 3899 1531 4000 seqs.
1560 3899 1606 3972 sd
1624 3883 1888 3973 reverendillia

279 4045 387 4095 mum
407 4020 445 4092 in
463 4005 609 4093 Cbrillo
628 4035 778 4120 patrem
794 4034 832 4091 et
845 4017 893 4090 D.
903 4018 948 4091 D.
966 4019 1195 4093 Guiltelmum
1207 4019 1434 4091 Brz'conetum
1448 4035 1515 4092 etc.
1526 4060 1575 4074 -
1587 4016 1626 4089 in
1642 4015 1886 4117 quintuplum

250 4133 254 4142 ’
277 4137 545 4213 Plalteriorum
563 4138 771 4213 editionem
788 4136 916 4210 Iacobi
928 4136 1042 4208 Fabri
1056 4135 1276 4238 Stapulenfi's
1290 4136 1490 4236 praefacio.
1518 4135 1673 4235 Prologi
1692 4141 1725 4224 4.
1744 4134 1883 4207 1).Ηιἰ-
1923 4142 1927 4147 ’

276 4257 471 4351 ronymi—
493 4255 615 4359 index.
638 4257 699 4330 fol.
720 4260 751 4330 5.
768 4254 992 4330 Plalterium
1010 4299 1048 4312 -
1071 4256 1134 4328 fol.
1157 4282 1238 4353 292.
1257 4256 1373 4353 (290.)
1390 4255 1423 4327 b.
1437 4254 1498 4328 lin.
1516 4256 1573 4354 39.
1586 4253 1796 4328 absolutum
1806 4250 1883 4325 fuit

274 4374 350 4446 hoc
368 4373 614 4474 quintuplicis
639 4373 806 4449 Plalterii
835 4400 932 4473 opus
953 4373 992 4446 in
1011 4372 1204 4447 Caenobio
1229 4374 1261 4445 S.
1283 4363 1459 4446 Gennam'
1477 4401 1600 4475 prope
1625 4398 1755 4446 muros
1775 4369 1880 4470 pari-

273 4491 416 4565 fienles.
443 4491 557 4562 Anno
576 4517 597 4562 a
614 4491 727 4563 natali
745 4490 891 4562 Christo
903 4490 1048 4563 domini
1071 4492 1172 4564 1508.
1196 4506 1233 4562 et
1251 4490 1290 4565 in
1306 4491 1502 4565 clerillimo
1516 4491 1738 4592 parillorum
1754 4488 1878 4588 Gym-

271 4609 373 4686 nallo
394 4636 440 4684 ex
464 4607 736 4705 Chalco-Typa
754 4607 910 4678 Henrz'ci
923 4608 1101 4706 Stephani
1116 4606 1271 4681 officina
1289 4636 1308 4682 e
1324 4609 1479 4706 regione
1503 4608 1730 4682 Scholarum
1746 4605 1877 4681 decre·

270 4745 401 4803 torum
426 4724 596 4802 emillum
617 4749 716 4797 anno
739 4719 909 4797 eiusdem
940 4721 1075 4816 Chrzstz'
1095 4725 1301 4799 Salvatoris
1329 4728 1502 4801 omnium
1534 4729 1635 4825 ¹509·
1654 4722 1778 4826 pridie
1803 4706 1876 4799 Cass
2013 4755 2021 4770 ·

270 4844 398 4921 leudes
416 4843 582 4947 Augusti.
606 4843 659 4917 illi
679 4842 794 4944 igitur
815 4839 885 4944 qui
905 4839 1116 4932 absolvere,
1139 4859 1177 4920 et
1198 4842 1409 4956 ablolutum
1426 4846 1465 4922 in
1485 4845 1683 4948 publicum
1700 4841 1877 4935 emittere
1968 4890 1972 4896 -
