4372 5716
791 617 1031 678 CATALOGUS
1057 618 1431 678 BIBLIOGRAPHICUS
1458 618 1548 676 MDI.

365 785 525 885 Damasi
537 791 583 865 de
599 788 771 869 laudibus
792 796 908 869 Pauli
920 796 1090 896 Apostoli
1109 794 1236 872 versus
1266 799 1488 873 hexametri.
1517 838 1567 854 -
1591 794 1727 893 Elegia
1745 794 1784 867 in
1802 784 1981 893 Hierusa-

331 1010 335 1019 .
364 904 446 977 lam.
465 949 515 963 —
534 910 609 981 Ode
627 909 666 982 in
683 913 797 986 natali
818 914 878 986 die
896 915 1113 989 Salvatoris.
1128 919 1230 988 -ln
1246 916 1305 989 die
1325 917 1550 1016 palmarum.
1567 955 1617 969 —
1631 913 1691 987 De
1710 911 1875 1011 pollione
1895 913 1982 986 Do·

364 1021 459 1095 mini
478 1024 541 1098 Ad
562 1025 746 1122 Christum,
766 1046 810 1103 ut
824 1030 960 1129 perdat
977 1032 1132 1106 Turcas.
1144 1034 1484 1133 -Epigrammata
1498 1032 1544 1107 ad
1558 1029 1696 1105 beatiss.
1713 1029 1984 1128 Virginem.-

368 1139 459 1214 Vita
474 1141 512 1214 S.
527 1142 686 1217 Martini
697 1145 863 1248 episcopi
883 1176 905 1223 a
923 1148 1054 1223 levero
1069 1148 1221 1249 sulpitio
1242 1147 1353 1249 prosa
1377 1151 1560 1225 oratione.
1575 1191 1624 1205 —
1642 1148 1702 1222 De
1726 1148 1918 1222 miraculis
1941 1149 1983 1221 8.

367 1257 526 1330 Martini
537 1260 741 1362 Dialogus,
760 1264 806 1338 ab
824 1265 970 1339 eodem.
990 1309 1040 1323 -
1057 1267 1117 1340 De
1136 1268 1336 1342 tralatione
1356 1270 1394 1342 8.
1413 1269 1569 1342 Martini
1583 1266 1628 1340 ab
1653 1265 1799 1371 eodem.
1819 1308 1869 1322 -
1889 1265 1988 1340 Vita

369 1373 405 1448 8.
425 1376 612 1453 lib'calaie
631 1406 766 1478 graeco
786 1381 824 1454 in
844 1382 1003 1457 latinum
1020 1411 1042 1457 a
1060 1385 1250 1458 Leonardo
1267 1386 1472 1481 Justziuaao
1488 1384 1644 1484 patritio
1661 1384 1987 1459 veneto-Haec

367 1490 407 1564 in
424 1492 552 1569 fronte
570 1496 633 1569 fol.
659 1526 688 1571 1.
707 1525 737 1572 a.
756 1501 785 1571 F
787 1500 835 1572 ol.
855 1501 938 1574 eod.
958 1502 993 1575 b.
1011 1541 1061 1559 -
1076 1502 1193 1574 Aldus
1208 1504 1395 1576 Manutius
1411 1505 1456 1577 R.
1469 1503 1627 1575 Danieli
1645 1503 1768 1573 Clario
1790 1499 1986 1575 Parmensi

371 1608 411 1682 in
427 1610 523 1685 urbe
539 1612 711 1711 Blacusa
725 1615 851 1690 literas
866 1618 1017 1717 publice
1035 1620 1231 1721 profitenti
1250 1622 1287 1694 S.
1300 1622 1396 1694 P.D.
1417 1622 1518 1693 Data
1533 1623 1580 1692 est
1598 1619 1691 1693 haec
1704 1617 1991 1717 nuncupatoria

371 1728 461 1802 Ven.
488 1729 616 1806 Mense
642 1732 771 1806 lunio.
796 1736 848 1808 M.
868 1736 917 1810 D.
938 1741 982 1811 ll.
1005 1739 1058 1811 At
1076 1742 1156 1838 post
1176 1738 1420 1837 Epigramma
1437 1738 1498 1810 Ad
1516 1734 1769 1810 Beatillimam
1784 1734 1987 1834 virginem.

372 1845 417 1920 R.
436 1845 479 1919 Z.
501 1862 538 1921 et
552 1847 705 1946 registro
726 1849 932 1950 fignaturae
950 1856 1088 1954 legitur
1112 1856 1268 1928 Venetiis
1283 1856 1383 1955 apud
1399 1856 1532 1927 Aldum
1544 1855 1586 1926 M
1602 1855 1638 1926 D
1659 1857 1685 1928 l.
1706 1852 1831 1927 mense
1846 1854 1990 1927 lanua·

375 1963 455 2049 rio;
477 1963 565 2038 dein
590 1964 799 2067 lequuntur
821 1971 962 2045 adhuc:
989 1973 1152 2073 Epistola
1165 1975 1289 2070 severi
1307 1976 1454 2072 Salpini
1476 1973 1522 2046 ad
1541 1968 1765 2067 Desidcrtiam
1785 1971 1832 2045 de
1861 1969 1993 2044 libello

377 2080 476 2155 vitae
502 2082 632 2158 Sancti
646 2085 864 2159 Μαιΐὴιί-
881 2089 927 2163 de
952 2091 1156 2164 Miraculis.
1185 2092 1223 2165 S.
1242 2091 1400 2164 Martini
1414 2089 1608 2188 Dialogus.
1628 2130 1678 2144 -
1700 2089 1761 2162 De
1784 2087 1988 2162 tralatione

375 2198 413 2271 8.
429 2199 587 2274 Martini
601 2202 647 2276 ab
672 2205 818 2279 eodem.
839 2248 888 2264 -
908 2207 999 2280 Vita
1015 2208 1052 2280 S.
1073 2209 1259 2282 Nicolaie
1279 2210 1404 2282 Greco
1427 2208 1466 2281 in
1477 2205 1666 2280 Latinum
1683 2234 1705 2278 a
1721 2206 1911 2279 Leanarda
1926 2205 1992 2279 Ju-

368 2316 539 2413 stiaiana
559 2337 667 2395 —et
685 2321 773 2395 dein
797 2323 860 2397 fol.
880 2325 946 2398 ult
967 2326 1049 2398 218.
1079 2325 1142 2399 lin
1166 2326 1219 2400 13.
1254 2330 1335 2425 post
1355 2325 1491 2400 Secula
1515 2323 1729 2398 seculorum
1752 2323 1848 2397 finis.
1879 2320 1999 2397 Char.

379 2433 461 2510 Lat.
478 2435 555 2515 loll.
574 2438 656 2511 218.
679 2465 758 2513 non
775 2439 860 2539 fign.
891 2441 976 2516 Lin.
996 2443 1053 2535 37.
1070 2441 1111 2547 l.

575 2599 705 2656 Panaeti
722 2600 829 2655 Annal.
858 2603 989 2677 Typogr.
1016 2598 1086 2658 Τ.8.
1105 2622 1133 2677 p.
1145 2604 1208 2675 342.
1230 2604 1267 2658 N.
1284 2600 1328 2659 38.
1355 2605 1458 2660 Μαίη.
1484 2607 1522 2658 ΙΙ.
1540 2622 1568 2678 p.
1584 2598 1645 2676 148.
1662 2603 1802 2658 volumen
1818 2600 1876 2656 hoc
1893 2601 1996 2656 secun·

673 2691 742 2746 dum
763 2693 942 2750 collectionis
968 2710 1119 2769 poetarum
1141 2694 1361 2750 christianorum
1384 2697 1484 2771 paslim
1503 2694 1537 2750 ab
1558 2694 1692 2749 omnibus
1716 2694 1754 2748 ad
1775 2693 1931 2749 rarissimos
1949 2711 1996 2749 re·

673 2783 764 2839 fertur
781 2785 889 2846 libros:
906 2788 938 2841 in
954 2787 1026 2864 serie
1046 2786 1113 2841 dell'
1132 2787 1259 2841 edizioni
1278 2788 1383 2843 Aldine
1400 2810 1428 2863 p.
1442 2787 1482 2842 16.
1499 2787 1555 2842 hoc
1565 2788 1702 2843 volumen
1720 2787 1796 2841 inter
1815 2784 1906 2840 libros
1925 2785 1999 2839 anni

678 2879 758 2934 1502.
778 2895 910 2952 apparet:
932 2879 964 2932 id
983 2879 1061 2951 quod
1078 2878 1173 2933 sorsan
1191 2880 1312 2934 veritati
1333 2882 1551 2935 consentaneum
1569 2878 1624 2940 est;
1651 2885 1718 2934 n'am
1739 2874 1799 2953 post
1816 2895 1923 2932 annum
1940 2877 1998 2930 im·

675 2969 825 3044 pressionis
844 2972 877 3024 in
894 2970 989 3024 medio
1002 2969 1169 3028 voluminis
1184 2972 1346 3027 indicatum
1362 2973 1507 3046 sequentes
1525 2987 1661 3027 tractatus
1676 2989 1752 3025 anno
1765 2971 1844 3026 1502.
1858 2968 1998 3024 verifimi·

674 3061 742 3117 liter
759 3064 887 3139 primum
906 3061 1047 3117 subsecuti
1063 3061 1136 3140 [unt.

486 3252 518 3322 3.
531 3290 579 3308 -··
591 3250 827 3352 Horologium
847 3256 1242 3358 aetemaesapzentiae.
1267 3300 1316 3315 —
1338 3257 1498 3332 Haecin
1519 3257 1751 3331 frontosum
1771 3251 1935 3352 imagine
1955 3252 1998 3325 B.

385 3366 556 3467 Virginis
573 3366 675 3464 ligno
695 3367 807 3444 incisa
824 3413 872 3428 -
892 3375 954 3445 fol.
973 3375 1055 3445 eod.
1068 3377 1110 3447 B.
1130 3377 1262 3448 eadem
1281 3374 1461 3471 imago-
1474 3375 1536 3447 sol.
1549 3403 1582 3447 2.
1602 3373 1736 3470 incipit
1757 3372 2001 3470 prologus.-

392 3485 572 3559 adfinem
591 3485 653 3558 sol.
677 3487 753 3559 128.
779 3487 909 3562 linea.
932 3489 1087 3586 explicit
1107 3490 1352 3588 horologium
1381 3506 1555 3561 aeternae
1581 3488 1795 3587 sapientiae.
1827 3489 2001 3561 Coloniae

388 3626 459 3703 per
479 3629 541 3676 me
561 3603 766 3676 Johaanam
791 3605 992 3702 Badensem
1010 3605 1108 3681 infra
1124 3605 1287 3680 sedecim
1306 3606 1441 3678 domos
1459 3621 1762 3679 commorantem
1781 3603 2000 3704 impressum

390 3737 505 3822 atque
524 3720 723 3818 diligenter
739 3739 966 3797 correctum.
994 3725 1109 3797 Anno
1125 3722 1284 3797 Domini
1303 3740 1495 3796 mccccct
1514 3723 1646 3796 menfis
1669 3722 1895 3797 Decembris
1917 3720 1998 3822 ipso

396 3866 488 3917 vero
500 3839 713 3915 dieLuctae.
731 3840 844 3915 Char.
854 3842 969 3916 Goth.
979 3840 1133 3916 minusc.
1150 3867 1239 3917 cum
1254 3839 1394 3940 figuris.
1416 3840 1492 3914 loll.
1516 3841 1594 3914 128.
1611 3867 1689 3914 non
1701 3841 1785 3939 fign.
1801 3839 1887 3914 Lin.
1906 3838 1998 3912 eno

588 4001 777 4057 Maittairius
796 4001 869 4057 121.
889 4020 917 4076 p.
926 3998 989 4056 553.
1001 4017 1028 4056 et
1037 4001 1100 4057 502.
1120 4000 1190 4057 duas
1207 4001 1242 4057 de
1258 4000 1314 4056 hoc
1332 4015 1456 4056 tractatu
1473 3999 1589 4056 exhibet
1607 4000 1747 4056 editiones
1766 3998 1801 4054 ab
1820 4001 1896 4056 Ano.
1915 4009 1995 4073 2492.

688 4096 815 4170 011493.
847 4092 923 4148 hanc
941 4109 1036 4148 autem
1055 4093 1090 4148 de
1112 4114 1188 4150 anno
1213 4096 1293 4150 1501.
1320 4096 1458 4149 Coloniae
1483 4092 1588 4148 sectam
1613 4094 1751 4164 nusquam
1785 4091 1915 4147 invenio.
1944 4089 1998 4148 sol.

687 4187 741 4246 ult.
760 4188 815 4246 lin.
824 4183 869 4244 aB.
888 4185 1044 4261 eadmique
1058 4187 1158 4262 imago
1178 4186 1216 4242 ad
1233 4185 1339 4253 finem,
1357 4206 1433 4261 quae
1447 4187 1481 4242 in
1488 4190 1583 4244 honre
1600 4185 1726 4247 videtur.

496 4423 530 4506 4.
547 4456 594 4472 -
620 4415 665 4488 In
687 4417 964 4515 Elegaatzarum
983 4416 1454 4517 AugustiaiDatlu'cadice
1473 4434 1726 4492 contentas-
1747 4416 1877 4490 Jodoci
1889 4416 2014 4514 Batti.

406 4535 572 4633 Asceaszi
592 4533 638 4607 de
662 4534 834 4633 Epistolis
858 4532 1179 4641 compendioluni.
1190 4577 1240 4593 -
1252 4535 1554 4635 Jadociisulpzlii
1572 4538 1756 4609 Verulami
1770 4534 1816 4607 de
1833 4534 2003 4634 epistola·

403 4680 492 4730 rum
516 4651 787 4752 compositione
809 4652 957 4751 elegans
980 4652 1203 4752 opusculum
1227 4653 1273 4727 ab
1292 4652 1613 4757 eodemgAsceasia
1632 4652 1705 4726 luis
1727 4651 1821 4724 lo‘cis
1841 4652 2005 4726 elucida-

403 4789 496 4851 tum.
520 4812 572 4837 ·-
594 4771 713 4850 Index
732 4770 773 4855 in
801 4771 1084 4850 commentariis
1105 4770 1386 4848 Clichtoueanis
1409 4771 1724 4849 adnotandorum.
1742 4776 1792 4831 '-
1812 4767 2009 4868 Augustani
