4320 5700
621 649 638 694 .·
668 617 908 700 caratocus
934 615 1471 698 ntauocmrnreusunxx.
1814 642 1878 714 ιη

370 815 453 894 360.
472 859 518 874 -
533 820 733 910 Laurentii¹
747 820 851 925 Valle
874 818 1158 917 Elegantiarum
1178 818 1286 891 Libri
1312 816 1393 899 sex.
1420 814 1543 915 deniq.
1572 814 1873 913 reciprocatione

272 936 425 1017 libellus,
439 937 708 1019 eumAntomi‘
721 938 946 1012 Mancinellz'
957 937 1047 1011 lima
1066 935 1139 1010 luis
1159 935 1251 1010 locis
1267 933 1443 1034 appofita.
1464 935 1600 1006 Etcum
1619 933 1746 1005 Jodocz
1764 933 1881 1004 aaut·

275 1054 673 1158 Ascensiiepitomatis
691 1054 840 1152 singulis
865 1053 1051 1153 capitibus
1075 1052 1300 1153 antepofitis.
1327 1091 1377 1109 -
1403 1049 1680 1125 Adnotationea
1709 1050 1880 1123 eiusdem

276 1173 316 1244 in
331 1173 547 1246 Antonium
567 1171 812 1247 Raudensem.
829 1212 879 1230 -
901 1176 997 1245 ltem
1017 1171 1214 1270 Apologus
1237 1168 1302 1254 seu
1325 1167 1617 1245 aetua'lcenieus
1646 1168 1686 1239 in
1704 1167 1881 1264 Poggzum

274 1288 526 1362 florentinum
549 1332 598 1345 —
625 1289 814 1364 Selestadii
840 1289 942 1389 apud
966 1289 1150 1364 Lazarum
1173 1287 1406 1360 Suburanam.
1441 1287 1555 1360 Anno
1591 1286 1643 1359 M.
1659 1285 1707 1357 D.
1724 1286 1813 1358 XX.
1833 1329 1883 1342 -

279 1407 386 1481 Haec
403 1406 442 1478 in
458 1407 583 1481 fronte
602 1449 651 1464 -
678 1408 744 1484 fol.
761 1407 845 1481 eod.
866 1406 900 1480 b.
921 1406 1117 1480 annotatio
1139 1406 1186 1481 ad
1209 1405 1424 1478 Lectorem.
1447 1417 1490 1460 -'-
1517 1403 1634 1478 lndex
1649 1445 1699 1459 -
1721 1403 1885 1502 Epistola

277 1525 472 1597 Laurentii
494 1524 678 1620 Vallensis
689 1525 736 1598 ad
755 1525 886 1597 Jaaun.
905 1524 1111 1596 Tortellium
1126 1567 1175 1580 -
1190 1523 1268 1595 Jod.
1286 1520 1574 1618 Baalu'Asceasia'
1586 1520 1772 1620 proaemii
1784 1521 1885 1594 Lau-

278 1641 441 1717 rentiani
461 1642 649 1741 Epitome.
672 1683 717 1700 ···
736 1642 799 1716 fot
812 1662 902 1718 aar.
926 1642 990 1715 lin.
1010 1669 1044 1739 9.
1067 1641 1162 1723 finis.
1190 1639 1374 1741 Sequitur
1392 1639 1561 1712 Laureat.
1580 1639 1759 1735 Valleasis
1777 1637 1887 1738 opul-

280 1760 409 1832 cutum
431 1784 591 1835 aureum
616 1759 655 1832 in
674 1758 872 1831 Antonium
889 1746 1114 1852 Raudeosem
1142 1775 1180 1831 et
1212 1758 1251 1830 in
1270 1757 1449 1854 Paggaum
1464 1754 1715 1847 florentinum.
1734 1798 1781 1812 -
1797 1755 1885 1856 .f⁰ll·

281 1876 339 1950 35.
366 1877 430 1950 lin.
456 1903 508 1974 ¹9·
544 1876 737 1973 Selestada'i
762 1877 887 1951 denuo
911 1875 1143 1975 vigilantiori
1168 1901 1259 1949 eura
1284 1901 1330 1949 ex
1357 1874 1512 1948 aedibus
1537 1875 1687 1947 Lazari·
1705 1858 1890 1947 Schur'eria'

281 1990 407 2066 mense
428 1992 635 2067 Februario
658 1995 773 2067 Anno
791 1993 925 2066 Christi
948 1995 1000 2067 M.
1018 1994 1066 2067 D.
1084 1994 1173 2067 XX.
1192 2008 1373 2091 regnante
1399 1991 1554 2066 Caesare
1581 1994 1711 2065 Carolo
1730 1991 1881 2070 Austrio

280 2109 473 2211 hispanico
493 2110 534 2182 P.
547 2112 586 2181 F.
603 2110 644 2182 P.
657 2110 697 2184 P.
718 2111 828 2184 Char.
847 2112 907 2184 lat.
934 2111 1034 2209 gloll.
1051 2138 1167 2209 marg.
1185 2111 1262 2184 foll.
1279 2111 1361 2183 256.
1379 2108 1464 2209 fign.
1486 2115 1538 2198 14.
1559 2107 1632 2182 fine
1649 2136 1823 2184 numero.
1836 2153 1887 2169 -

472 2231 601 2284 ranan·
617 2228 723 2285 nnat.
752 2230 884 2304 rypogr.
912 2231 947 2303 a.
964 2224 991 2285 8.
1017 2250 1047 2304 p.
1065 2243 1127 2306 αφ.
1157 2229 1195 2285 N.
1213 2227 1241 2284 6.
1265 2303 1271 2311 .
1303 2260 1306 2265 .

378 2400 427 2474 36
433 2427 443 2471 t
456 2451 464 2472 -.
478 2441 528 2456 -
546 2400 705 2473 Joanmt
720 2399 906 2497 Franczsct‘
918 2399 1248 2475 Pa'ciMirandulae
1264 2399 1446 2483 Domini,
1468 2389 1507 2472 et
1523 2397 1750 2473 concordiae
1770 2399 1888 2472 comi·
1928 2459 1930 2463 ,

280 2518 339 2592 tis.
366 2517 428 2588 Ad
457 2518 631 2592 Leonem
656 2518 766 2592 Pont.
796 2519 896 2592 Max.
924 2535 962 2592 et
987 2519 1130 2609 Conpil.
1160 2520 1333 2593 Lateran.
1360 2518 1407 2591 de
1437 2517 1690 2592 reformandis
1715 2517 1888 2592 moribus

282 2635 416 2709 oratio.
437 2675 488 2691 -
511 2637 682 2708 Erusdem
701 2636 835 2736 hymni
854 2652 932 2710 tres
953 2637 1003 2710 D.
1020 2636 1207 2723 Martiae,
1235 2636 1480 2733 Magdalenae
1501 2651 1539 2710 et
1558 2636 1730 2710 Antonio
1755 2636 1890 2710 decan-

280 2752 359 2827 tati.
375 2794 425 2809 —
441 2753 600 2826 Haecin
618 2753 744 2827 fronte
761 2753 879 2826 limbo
903 2771 1098 2828 ornata—
1119 2754 1182 2827 tol.
1210 2781 1263 2851 ¹9·
1290 2754 1324 2827 b.
1353 2755 1415 2828 lin.
1440 2781 1471 2829 1.
1495 2755 1698 2850 Hagenaae
1719 2780 1766 2827 ex
1787 2754 1887 2828 aedi·
2000 2780 2003 2791 ·

244 2895 247 2900 ·
279 2869 350 2943 bus
379 2870 539 2942 Thomae
561 2869 884 2966 AnshelmiAnno
901 2872 1009 2946 M.D.
1020 2873 1110 2946 XX
1130 2871 1259 2946 Mense
1273 2872 1425 2947 Martio.
1443 2870 1753 2971 infign.Typogr.
1774 2871 1888 2945 Char.

283 2986 344 3060 lat.
365 2987 442 3061 foll.
464 3013 516 3086 19.
533 3014 612 3062 non
630 2988 716 3087 sign.
738 2988 800 3061 lin.
821 2991 877 3062 28.
896 2995 929 3078 4.

478 3108 607 3163 Panzeri
623 3107 729 3162 Annal.
747 3108 880 3182 Typogr.
897 3108 938 3179 vT.
958 3130 984 3181 7.
1003 3127 1033 3182 p.
1048 3125 1094 3184 9⁰·
1110 3109 1150 3163 N.
1171 3127 1232 3182 177.

273 3376 276 3379 .
378 3273 461 3346 362.
480 3314 528 3330 -
547 3270 751 3367 Confutatza
771 3274 996 3374 sophistices
1014 3290 1053 3348 et
1072 3275 1343 3370 Quaestionum
1360 3274 1618 3363 curiosarum,
1643 3303 1689 3351 ex
1712 3273 1886 3376 Origene,

287 3393 493 3492 Cyprtano,
527 3391 786 3478 Nonianum,
818 3383 953 3492 Cyri'lla
981 3390 1222 3493 Chrysostamo
1242 3450 1251 3477 ‚
1273 3394 1517 3494 fflaronymm
1550 3395 1768 3491 Ambusto,
1811 3397 1888 3469 Aa·

273 3510 435 3606 gustata,
465 3507 689 3605 Athanasio,
713 3510 925 3596 Laetantur,
944 3536 1015 3610 per
1032 3510 1209 3583 Othonem
1224 3509 1468 3608 Brunfilsaum
1483 3512 1888 3612 Mogontinum.-S0-

276 3626 424 3722 Iassadc'a'
434 3625 535 3725 apud
553 3627 737 3699 Lazarum
754 3627 992 3712 Suburanam.
1011 3671 1061 3686 -
1077 3630 1182 3703 Haec
1201 3629 1242 3703 in
1259 3628 1386 3704 fronte
1406 3630 1524 3704 limbo
1545 3631 1693 3705 inclusa.
1714 3659 1802 3705 cum
1814 3633 1885 3708 litt.

277 3743 321 3816 L
343 3745 380 3817 S.
406 3745 471 3818 fot.
486 3771 518 3817 2.
540 3744 704 3845 Epistola
723 3745 879 3818 Othonis
903 3744 1106 3843 Brunsalsz'i
1126 3746 1173 3820 ad
1197 3747 1400 3820 Fabn'caiam
1429 3749 1647 3849 Capuanum.
1677 3792 1722 3810 ·-
1748 3750 1811 3822 fol.
1836 3777 1889 3848 ¹9·

280 3860 315 3933 b.
332 3861 395 3934 lin.
422 3889 476 3935 ιι.
503 3863 697 3959 Selestadzt'
711 3863 752 3961 in
769 3863 925 3937 aedibus
938 3851 1274 3939 LazariSclzurera‘i
1294 3864 1422 3940 Mense
1433 3867 1534 3964 Majo
1560 3859 1754 3946 MDXX.
1776 3866 1888 3942 Char.

280 3978 342 4051 let.
363 3978 462 4076 gloll.
479 4006 597 4079 marg.
622 3981 697 4054 loll.
720 4009 772 4080 ¹9·
792 4007 872 4056 non
890 3982 975 4080 fign.
993 3982 1057 4056 lin.
1075 3983 1132 4055 28.
1150 3989 1184 4070 4.

473 4098 601 4153 Panzert
617 4098 721 4154 annal.
742 4102 875 4175 Typogr.
893 4101 928 4154 T.
937 4096 964 4156 8.
984 4118 1085 4176 p.291.
1104 4100 1142 4156 N.
1152 4118 1182 4175 9·

381 4262 463 4336 363.
481 4303 531 4321 -
551 4251 677 4339 Oratio
697 4294 719 4340 a
743 4267 888 4341 Joanna
910 4269 1115 4368 Gaffiabelzb
1143 4255 1470 4371 Longicampiano
1494 4295 1625 4345 coram
1650 4273 1892 4351 universitate

287 4380 536 4479 lngolllatenfi
561 4382 690 4459 habita
707 4411 778 4486 per
798 4386 845 4460 D.
866 4387 922 4462 Ja.
950 4390 1134 4492 Capuaene
1156 4387 1355 4486 Phorceasi
1377 4415 1464 4464 cum
1491 4389 1531 4463 in
1551 4388 1679 4490 lingua
1705 4392 1894 4470 Hebraico

286 4514 324 4572 et
351 4500 498 4573 Graeca
530 4499 663 4598 ludum
697 4501 907 4578 literarium
941 4532 987 4579 ex
1021 4507 1209 4581 conducto
1246 4507 1422 4606 aperiret.
1452 4510 1515 4581 111.
1557 4509 1687 4589 Nonae
1723 4512 1891 4585 Martias.

197 4698 206 4717 .
278 4616 336 4690 M.
355 4617 403 4689 D.
422 4617 512 4690 XX.
544 4661 592 4676 —
618 4617 681 4694 fol.
705 4648 736 4718 7.
763 4622 848 4696 finis
870 4624 1052 4722 Augustae
1073 4625 1332 4698 lsritdelt'corum
1348 4652 1395 4698 ex
1404 4625 1561 4701 officina
1578 4630 1728 4724 Silvani
1744 4629 1895 4699 Olmani

287 4733 411 4810 menie
427 4737 568 4811 Martio
586 4737 637 4811 M.
649 4739 695 4811 D.
708 4740 798 4813 XX.
814 4748 847 4828 4.
869 4743 981 4816 Char.
996 4744 1062 4818 lat.
1082 4742 1157 4816 foll.
1174 4771 1203 4842 7.
1226 4770 1306 4818 non
1323 4743 1408 4842 fign.
1419 4743 1490 4818 lin.
1508 4744 1565 4818 30.
1583 4750 1617 4831 4.

478 4857 606 4913 Panaeti
620 4858 727 4914 Annal.
745 4861 879 4935 Typogr.
891 4861 926 4916 T.
936 4860 963 4917 6.
980 4881 1010 4937 p.
1022 4862 1082 4935 ²57·
1102 4863 1211 4935 N.171.
1233 4861 1324 4936 Zaps.
1343 4863 1377 4919 T.
1395 4875 1423 4923 a.
1440 4881 1469 4936 p.
1489 4856 1550 4918 238.
1572 4861 1611 4920 N.
1619 4875 1662 4915 22.
