4320 5700
269 560 335 633 162
639 575 879 637 crrecoous
905 575 1291 643 nmuocneeurcus.
1318 578 1536 638 nnxxxm.

267 754 332 828 lin.
356 783 383 827 1.
410 754 602 857 Phr'lrppus
623 755 804 855 Usnardus
816 758 992 857 procusrt.
1020 759 1135 833 Anno
1161 759 1263 858 4533.
1289 760 1401 835 Char.
1420 760 1482 834 lat.
1510 756 1588 833 soll.
1608 756 1664 832 16.
1689 782 1771 831 non
1790 755 1873 865 sign.

269 873 332 947 lin.
359 879 416 948 ε’.
1016 910 1018 914 ·
1588 882 1594 893 “

385 918 406 962 4
458 1014 574 1071 Jdcloert
592 1014 725 1071 Lexicon
744 1013 849 1071 erudit.
872 1015 905 1069 Τ.
918 1035 944 1071 1.
966 1034 995 1091 p.
1008 1018 1072 1089 403.

367 1184 449 1272 524.
477 1224 524 1239 -
549 1185 706 1258 Henrr‘cr'
731 1185 894 1258 Cornelii
918 1183 1122 1285 Agrzppae,
1152 1186 1199 1260 ab
1213 1184 1474 1286 Neressheym,
1504 1182 1644 1287 equitia
1666 1184 1812 1271 aurati,
1838 1210 1880 1258 ac

272 1299 434 1403 utriusq.
454 1302 560 1375 Juris
579 1301 765 1388 doctoris,
784 1299 1201 1400 CaesareaeMajellatis
1221 1332 1242 1378 a
1262 1303 1443 1390 confiliis,
1473 1318 1511 1377 et
1528 1301 1693 1378 archivis
1720 1300 1880 1376 Indicia·

271 1417 338 1505 rii,
367 1420 542 1519 apologia
567 1418 743 1495 adversus
769 1419 973 1494 calumnias
1002 1434 1163 1522 propter
1179 1420 1495 1498 declamationem
1515 1438 1554 1495 et
1569 1419 1737 1496 vanitate
1765 1418 1880 1494 scien·

270 1537 430 1625 tiarum,
455 1554 493 1611 et
509 1536 732 1611 excellentia
752 1537 859 1611 verbi
891 1537 969 1623 dei,
1015 1536 1078 1611 fibi
1098 1566 1169 1639 per
1195 1538 1342 1640 aliquos
1359 1536 1617 1615 Louanienses
1644 1538 1881 1637 theologistas

270 1657 485 1732 intentatas.
504 1701 548 1714 -
568 1657 757 1752 Quaerela
771 1657 881 1757 super
901 1654 1104 1743 calumnia,
1131 1658 1181 1730 ob
1200 1658 1361 1732 eandem
1379 1655 1714 1743 declamationem,
1731 1654 1797 1729 fibi
1814 1680 1884 1756 per

273 1776 420 1876 aliquot
436 1774 731 1849 sceleratissimos
750 1776 1021 1875 sycophantas,
1053 1773 1155 1875 apud
1174 1773 1393 1850 Caesaream
1407 1774 1545 1873 Majest.
1572 1773 1720 1850 nefarie
1735 1800 1781 1849 ac
1797 1800 1886 1875 pro·

275 1892 414 1966 ditorie
434 1893 601 1968 illata-
620 1892 735 1964 Anno
757 1893 810 1967 M.
823 1893 871 1965 D.
882 1893 1067 1966 XXXlll.
1085 1939 1132 1952 -
1152 1893 1314 1968 Haecin
1333 1892 1460 1967 fronte
1479 1934 1529 1949 -
1544 1890 1630 1966 finit
1648 1891 1713 1967 fol.
1731 1894 1791 1992 96.
1815 1892 1882 1967 liu.

277 2012 335 2084 25.
353 2010 492 2087 verbo:
517 2010 787 2112 deprehendet,
808 2011 920 2085 Char.
940 2012 1001 2086 lat.
1024 2012 1098 2084 soll.
1121 2013 1179 2109 96.
1197 2038 1277 2086 non
1295 2010 1381 2110 sign.
1399 2010 1464 2085 lin.
1483 2011 1542 2084 28.
1561 2010 1596 2084 8.

467 2149 570 2207 Editio
588 2151 730 2207 rarissima
748 2151 836 2207 etiam
852 2152 884 2205 in
899 2151 1016 2207 Mchcri
1030 2150 1142 2205 Lexico
1163 2149 1266 2204 erudit.
1285 2151 1433 2225 supplem.
1457 2151 1493 2205 T.
1513 2170 1536 2205 ι.
1561 2169 1591 2225 p.
1608 2149 1674 2223 840.
1693 2167 1754 2206 non
1769 2147 1883 2205 exhibe-

567 2261 634 2310 tur,
656 2243 708 2300 ubi
734 2263 832 2301 omnes
856 2243 943 2299 huius
966 2245 1060 2318 operia
1083 2241 1223 2299 editione·
1245 2242 1413 2300 iudicantur
1430 2272 1466 2287 -·
1483 2262 1513 2299 v.
1534 2243 1669 2301 clement.
1685 2242 1765 2306 122.
1792 2262 1820 2318 p.
1838 2236 1885 2299 86.

564 2337 601 2393 N.
621 2334 666 2393 86.

933 2507 1041 2581 MD.
1054 2505 1240 2580 XXXIV.

383 2645 506 2721 525.-
521 2643 772 2741 Onomasticon
781 2646 995 2719 Medicinae.
1007 2644 1205 2719 continens
1220 2644 1350 2753 omnia
1365 2644 1763 2733 nominaHerbarum,
1774 2644 1888 2719 Fruc-

280 2768 395 2852 tium,
414 2764 687 2852 Suffruticum,
706 2764 924 2849 Arborum,
943 2763 1138 2848 Sentium,
1157 2762 1374 2849 Seminum,
1393 2765 1570 2851 Florum,
1588 2763 1799 2851 Radicum,
1819 2763 1891 2837 La·

282 2884 420 2984 pidum
439 2882 720 2983 preciosorum,
744 2880 1008 2967 Metallorum,
1034 2881 1240 2967 Colorum,
1272 2881 1554 2957 Definitionum
1581 2880 1893 2963 medicinalium,

282 3006 626 3075 instrumentorum
642 2999 878 3083 Medicinae,
896 3000 1207 3096 Unguentorum
1226 2997 1531 3098 Diapasmatum,
1553 2998 1896 3101 Emphlallrorum,

277 3121 561 3218 Eclegmatum,
581 3121 829 3219 Acoporum,
849 3115 1081 3202 Suffituum,
1105 3114 1404 3204 Electariorum,
1432 3117 1738 3191 Pharmacorum
1756 3116 1899 3217 Clysle-

279 3237 403 3322 rium,
431 3237 681 3323 Balanornm,
698 3235 910 3321 Peslorum,
932 3234 1185 3321 Pastillorum,
1213 3234 1505 3332 Malagmatum,
1526 3234 1780 3319 Balnearum,
1805 3234 1899 3307 Chi·

284 3353 463 3453 rurgiae,
491 3354 721 3427 Morborum
753 3352 971 3439 Pecudum,
1002 3352 1268 3427 Animantium
1293 3352 1420 3427 omnis
1443 3351 1592 3451 generis
1615 3350 1778 3426 nomina
1806 3378 1903 3453 pro-

280 3472 384 3572 pria:
405 3496 541 3544 eorum
561 3497 658 3570 quae
678 3470 718 3542 in
739 3469 965 3569 myropoliis
983 3470 1190 3557 habentur,
1212 3470 1460 3555 Morborum,
1488 3469 1751 3555 Medicorum,
1781 3485 1821 3546 et
1842 3472 1904 3543 ln·

280 3605 489 3666 ventorum
506 3585 739 3672 Medicinae,
760 3585 1005 3673 Anatomiae,
1024 3586 1266 3675 Ponderum,
1295 3585 1562 3687 Philosophiae
1577 3586 1784 3673 naturalia,
1816 3586 1904 3661 Ma·

281 3709 386 3811 gine,
409 3705 629 3792 Achimiae,
658 3721 696 3779 et
711 3703 963 3805 Astrologiae.
998 3731 1043 3777 ex
1065 3705 1239 3804 optimis.
1267 3703 1553 3806 probatislimis,
1582 3721 1621 3779 et
1644 3702 1903 3779 vetustissimis

284 3826 510 3910 autoribus,
546 3849 634 3897 cum
656 3823 827 3924 graecis,
857 3839 943 3896 tum
968 3822 1114 3913 latinis,
1142 3850 1240 3924 opus
1261 3850 1411 3908 recens,
1438 3847 1564 3922 nuper
1590 3822 1711 3897 multa
1728 3821 1901 3898 lectione

290 3948 446 4021 Othonis
469 3940 690 4041 Brunselsii,
716 3941 925 4017 medicinae
944 3940 1179 4042 professoria,
1201 3944 1419 4040 congestum
1434 3940 1474 4013 in
1492 3938 1652 4040 gratiam
1671 3963 1814 4015 eorum
1833 3940 1905 4043 qui

288 4066 324 4140 se
348 4066 487 4166 priscae
513 4061 723 4137 medicinae
748 4060 986 4134 dediderunt.
1015 4102 1060 4117 -
1106 4058 1349 4159 Praescriptis
1385 4058 1494 4159 operi
1522 4058 1659 4132 tabulie
1691 4057 1905 4133 nominum

284 4185 515 4270 anatomiae,
543 4199 581 4257 et
615 4180 895 4281 aegritudinum
913 4178 1031 4252 totius
1047 4177 1220 4277 corporis
1240 4175 1408 4251 humani.
1430 4219 1474 4236 —
1492 4174 1658 4252 Saladini
1679 4175 1774 4250 item
1803 4176 1908 4252 iudi·

290 4303 351 4377 cio
381 4299 427 4375 de
452 4300 687 4401 ponderibus
710 4296 1006 4373 medicinalibus.
1025 4335 1074 4351 -
1105 4294 1342 4392 Argentorati
1362 4294 1462 4395 apud
1486 4296 1665 4369 Joannem
1696 4292 1906 4385 Schottum,

290 4418 516 4517 cumgratia
534 4434 571 4491 et
590 4417 790 4517 privilegio
807 4413 908 4490 Caes.
927 4413 1062 4512 Majesr.
1093 4410 1139 4486 ad
1168 4412 1483 4514 quinquennium.
1507 4413 1558 4486 M.
1569 4412 1618 4485 D.
1631 4410 1908 4487 XXXllll.—

290 4542 397 4615 Haec
416 4536 453 4609 in
470 4534 596 4608 sronte
614 4577 663 4591 -
681 4535 744 4608 sol.
767 4536 845 4608 186.
865 4533 928 4606 lin.
941 4534 998 4622 48.
1023 4532 1365 4631 Argentoratiapud
1381 4533 1488 4606 Joan.
1501 4529 1692 4604 Schottum.
1706 4536 1761 4618 14.
1774 4530 1905 4633 April.

291 4661 408 4739 Anno
426 4653 635 4730 Christiano
661 4655 761 4743 1534.
783 4653 893 4727 Char.
914 4653 974 4727 lat.
992 4649 1120 4750 grand.
1142 4647 1218 4721 foll.
1245 4650 1324 4728 186.
1341 4678 1421 4726 non
1440 4650 1526 4751 slgn.
1546 4647 1609 4724 lin.
1625 4646 1725 4723 52.f.

487 4798 615 4856 Porrzeri
633 4793 737 4851 Annal.
757 4796 890 4869 Typogr.
910 4794 946 4850 Τ.
955 4790 981 4849 6.
1001 4790 1101 4867 pud.
1122 4786 1160 4844 Ν.
1170 4782 1236 4844 853³
