4320 5700
279 616 352 666 222
472 683 478 695 .
642 608 884 671 CATALOGUS
909 607 1286 669 tttttttocnnrmctts
1310 606 1521 669 ttmxvm.

284 787 387 889 apud
403 787 557 863 viduam
573 790 864 863 Zzinmermanni
877 816 977 864 anno
999 788 1220 866 M.DLXV.
1237 826 1286 847 ·-
1305 790 1411 865 Haec
1431 788 1472 862 in
1497 787 1627 861 fronte
1646 826 1696 842 -
1721 784 1784 858 fot
1805 811 1832 855 1.
1846 783 1879 859 b.

285 907 470 996 carmina,
488 904 627 1007 quibus
644 909 749 982 Echo
765 907 978 1008 respondet.
999 907 1022 981 f.
1035 909 1068 982 3.
1086 908 1257 983 Panonr'a
1266 908 1426 1008 Lugent,
1445 905 1529 980 finit
1545 904 1610 978 fot.
1631 905 1667 978 6.

474 1026 548 1103 Hic
565 1029 813 1102 Farda‘nandas
831 1027 1006 1103 dilectam
1026 1025 1197 1102 condidit
1214 1028 1368 1102 Annam

571 1147 646 1220 Hic
659 1147 884 1219 Ferdinandr'
901 1143 1057 1221 caesaris
1068 1143 1147 1219 offa
1156 1144 1294 1244 jacent.

474 1265 661 1363 Reginam
677 1265 772 1363 tegit
785 1264 859 1338 hoc
874 1290 1014 1364 magno
1031 1290 1120 1338 cum
1135 1290 1224 1364 rege
1238 1261 1482 1364 sepulchrum

568 1385 680 1457 Unus
697 1397 778 1457 erat
797 1383 918 1468 vivis,
946 1387 1025 1481 post
1047 1407 1203 1482 quoque
1222 1381 1297 1456 sata
1316 1380 1465 1455 thorus.
1553 1386 1558 1391 ’

287 1499 398 1575 Char.
415 1499 586 1600 grandca.
605 1499 679 1572 fott.
698 1500 731 1573 6.
749 1526 828 1572 non
848 1499 933 1596 fign.
957 1499 1023 1571 lin.
1038 1499 1095 1571 26.
1112 1504 1147 1588 4.

476 1641 538 1695 Neo
552 1641 587 1694 in
601 1635 785 1692 bibliothecis
800 1639 970 1712 Hungnriaa
986 1636 1074 1693 haina
1093 1637 1229 1693 rarissimi
1245 1637 1344 1713 scripti
1360 1637 1393 1693 stt
1407 1637 1518 1693 mantio
1533 1635 1712 1692 Pwdirchar
1727 1635 1762 1690 in
1779 1632 1891 1708 Danasti

572 1729 940 1806 Buehtruakngesahichte
948 1732 1062 1790 Wiana.
1081 1733 1116 1788 T.
1128 1743 1155 1786 2.
1171 1751 1200 1807 p.
1212 1731 1277 1789 603.
1302 1730 1412 1801 Non.
1430 1750 1468 1787 ox
1483 1728 1543 1787 alio
1559 1729 1670 1805 scripto
1687 1743 1773 1784 noma
1789 1725 1834 1781 cst.

382 1941 465 2032 684.
491 1983 541 1999 —
566 1943 625 2015 Da
645 1940 828 2044 azaspz'cata
849 1939 1015 2039 acsela'ci
1026 1943 1234 2041 legatione,
1253 1969 1329 2042 qua
1344 1940 1446 2018 sacra
1464 1939 1558 2018 caes.
1573 1939 1713 2015 MTS.
1732 1935 1883 2038 sapienti

183 2114 189 2125 ι
285 2076 399 2162 atque
410 2060 558 2137 salutari
574 2060 746 2149 confido,
764 2088 857 2161 pace
876 2086 964 2135 cum
981 2058 1213 2159 imperatore
1232 2074 1428 2134 turcarum
1447 2059 1658 2145 constituta,
1678 2057 1885 2159 Halcyonio

284 2178 368 2255 orbi
392 2179 589 2255 christiano
607 2196 646 2255 et
659 2180 774 2256 rebus
794 2178 1026 2279 populisque
1040 2177 1190 2254 romani
1207 2176 1358 2277 imperii
1375 2176 1575 2278 pubiicum
1593 2175 1667 2251 otii
1682 2194 1734 2251 ac¹
1748 2173 1885 2276 quietis

282 2297 430 2372 bonum
451 2298 688 2386 restauravit,
715 2297 846 2372 officio
863 2297 937 2372 fide
956 2314 994 2371 et
1009 2297 1233 2371 dexteritate
1252 2296 1433 2397 fingulari
1458 2291 1761 2371 reverendiiiimi
1775 2291 1824 2365 D.
1837 2290 1884 2365 D.

285 2416 445 2490 Antonii
463 2417 627 2490 Veranta'r’
637 2416 801 2518 episcopi
821 2414 993 2490 eccleiiae
1009 2414 1200 2513 Agnensa's
1220 2430 1257 2490 et
1276 2414 1528 2488 comitatuum
1548 2411 1735 2511 Hmsten
1751 2408 1887 2486 etBac-

271 2530 417 2629 sodaian.
435 2533 617 2621 Comitis,
637 2535 795 2634 sacraeq.
810 2532 897 2608 caes.
915 2531 1007 2606 Mtis
1027 2531 1223 2607 aconiiliio
1243 2532 1366 2607 intimi
1387 2559 1431 2607 ac
1444 2531 1610 2607 oratorio
1622 2587 1631 2618 ,
1645 2528 1703 2606 'ad
1722 2526 1887 2605 turcicot

281 2655 535 2754 imperatores
553 2666 710 2753 experta
727 2652 911 2753 quadam,
931 2651 1155 2753 divinaque,
1180 2668 1265 2726 tum
1284 2650 1481 2740 industria,
1507 2654 1594 2725 tuTn
1611 2648 1796 2724 felicitate
1812 2645 1889 2747 pia·

276 2794 327 2846 ne
345 2770 664 2873 incomparabilia,
681 2769 800 2870 elegia
814 2770 1062 2869 gratulatoria
1082 2771 1129 2846 ad
1147 2768 1315 2846 eundem·
1329 2796 1407 2846 rev.
1419 2796 1462 2845 ac
1477 2763 1890 2844 clementiiiimumdo·
1911 2792 1916 2803 ·

279 2892 428 2966 minum
445 2889 554 2965 suum
578 2888 716 2991 scripta
738 2917 761 2963 a
785 2890 930 2962 Joanne
949 2888 1156 2965 Saccemiro
1171 2888 1452 2986 Vratr'slaatanst.
1474 2884 1827 2984 W'ennaeAastriae
1844 2906 1891 2957 ax

280 3009 438 3083 officina
467 3009 620 3109 Caspari
639 3003 869 3105 &atnhosen‘
890 3033 992 3082 anno
1015 3006 1303 3084 M.D.LXV111.
1323 3046 1373 3066 ·-
1397 3006 1502 3082 Haec
1532 3004 1574 3079 in
1594 3004 1727 3081 fronte
1743 3044 1792 3065 -
1809 2998 1894 3077 finit

278 3128 342 3202 sol.
360 3153 391 3224 7.
409 3126 446 3200 b.
1571 3182 1577 3187 .

471 3247 546 3319 Vos
573 3270 727 3345 quoque
748 3242 938 3318 Pierides:
956 3244 1065 3317 vobis
1087 3242 1128 3317 fit
1146 3240 1296 3344 semper
1313 3243 1353 3316 in
1370 3266 1439 3317 ore

566 3360 720 3447 profui,
743 3377 780 3435 et
799 3363 872 3435 hoc
887 3361 992 3436 venit
1008 3388 1105 3463 quae
1123 3360 1219 3437 duca
1234 3376 1344 3463 parte
1363 3360 1484 3461 quiea.
1573 3384 1577 3391 ·

281 3476 394 3552 Char.
415 3476 544 3576 grand.
561 3477 639 3549 foll.
661 3505 691 3572 7.
710 3504 789 3550 non
808 3478 894 3575 fign.
911 3479 975 3551 lin.
993 3479 1051 3554 26.
1067 3487 1102 3568 4.

470 3617 517 3672 De
534 3615 694 3670 Serenitio
712 3612 793 3668 nulla
807 3615 956 3670 invenitur
971 3617 1086 3675 notitia.

373 3826 456 3903 685.
483 3868 531 3937 -ς
559 3824 783 3901 Parentalia.
801 3825 1087 3906 Anniversatiae
1100 3827 1311 3907 memoriae
1328 3828 1406 3905 divi
1424 3803 1654 3915 ,tentandi
1667 3830 1696 3904 t.
1717 3830 1894 3933 impera·

275 3949 370 4024 toris
392 3945 524 4023 casaris
545 3946 685 4047 augusti
704 3944 916 4022 archiducis
933 3951 1038 4022 austr.
1054 3964 1124 4025 etc.
1148 3950 1190 4025 P.
1208 3948 1251 4025 P.
1275 3946 1465 4025 celebrata
1488 3947 1528 4023 in
1554 3946 1750 4024 academia
1766 3948 1891 4024 Vien-

273 4067 376 4142 nenfi
400 4066 504 4142 feriis
517 4063 566 4142 D.
586 4065 721 4140 Jacobz'
735 4063 890 4167 apostoli
905 4066 992 4141 anni
1013 4069 1116 4142 1568.
1136 4069 1286 4142 Autore
1304 4067 1422 4143 Paulo
1436 4066 1603 4143 Fabricto
1619 4063 1781 4142 caesaria
1804 4092 1892 4145 ma·

271 4185 478 4262 thematico
498 4187 649 4263 medico
661 4185 828 4261 doctore.
846 4186 1007 4259 Viennae
1025 4184 1194 4284 Austraoa
1210 4212 1257 4262 ex
1274 4184 1431 4262 officina
1451 4182 1891 4289 Caspan‘dtarirltoseri-

272 4304 377 4377 Haec
395 4303 435 4376 in
454 4305 580 4380 fronte
597 4349 649 4364 -
666 4305 729 4379 fol.
753 4331 787 4379 2.
814 4302 1000 4378 dedicatio
1021 4303 1165 4378 autoris
1188 4305 1236 4378 ad
1266 4306 1567 4381 Mantiniltitnum
1587 4302 1638 4380 H.
1669 4306 1892 4407 imperato·

271 4448 355 4496 rem
373 4421 526 4497 directa.
542 4467 590 4481 -
607 4424 671 4497 fol.
690 4423 723 4496 3.
742 4422 965 4498 Parentalia.
983 4466 1034 4488 ·-
1053 4422 1116 4497 fol.
1137 4428 1190 4513 14.
1213 4421 1259 4499 de
1279 4424 1410 4501 infami
1431 4425 1586 4511 cumin,
1599 4422 1796 4526 huiusque
1810 4423 1889 4499 im·

269 4541 493 4644 probiffimo
511 4567 648 4640 genere
665 4542 899 4641 germaniam
918 4540 1105 4642 gregatim
1130 4542 1355 4619 locustarum
1382 4567 1492 4618 more
1518 4542 1786 4646 pervolvente.
1812 4542 1926 4619 Eoo

271 4661 376 4740 clesta
391 4660 588 4765 quaeritur
610 4660 709 4761 apud
720 4660 948 4736 Germanice
967 4687 1209 4761 proceres-
1225 4661 1364 4737 finiunt
1379 4662 1461 4745 fott
1483 4663 1539 4740 t6.
1554 4660 1591 4739 b.
1610 4660 1653 4736 hi
1665 4658 1840 4739 ventibus
1851 4688 1873 4735 t·

462 4778 601 4857 Dicitis
618 4779 720 4854 haud
738 4778 889 4863 lihitum
905 4783 955 4856 est
972 4779 1168 4863 doctrinae
1191 4781 1346 4859 credere
1363 4777 1460 4858 teti·
