4320 5700
656 599 896 663 caramsus
922 599 1296 661 arnuoonarrncos
1323 557 1520 664 uuxxnr..
1811 589 1871 663 131
2023 562 2029 572 ⁶

382 786 467 876 415.
487 823 537 844 -
552 782 720 858 Famula
739 780 868 855 Mitras
897 795 935 854 et
962 780 1255 855 Communiouis
1276 804 1350 879 pro
1369 781 1530 857 Ecclella
1551 763 1885 884 Vuittenbergenfi

285 905 442 980 Mamili
453 902 597 978 Lather.
617 899 930 998 Wittembergae
945 900 997 973 M.
1009 900 1058 974 D.
1070 898 1214 972 XXlll.
1230 898 1395 973 -Haec
1413 898 1589 974 infronte
1610 901 1728 976 limbo
1745 902 1887 1003 splend.

285 1037 428 1097 ornata.
450 1063 498 1079 -
519 1021 581 1129 fol.
602 1019 685 1094 eod.
712 1019 747 1093 b.
765 1016 921 1090 Lutheri
933 1017 1098 1116 Epistola
1123 1017 1170 1090 ad
1190 1016 1306 1090 Nicol.
1329 1014 1543 1113 Haasmaaa
1565 1019 1793 1120 Episcopum
1811 1023 1887 1124 cy.

277 1166 406 1238 *gneae
426 1138 607 1213 eccleliae.
628 1178 673 1197 -
692 1137 755 1211 fol.
769 1163 800 1233 7.
823 1134 858 1208 b.
879 1135 1078 1210 Emblema
1097 1134 1252 1232 Agnum
1275 1160 1363 1209 cum
1386 1134 1500 1209 calice
1522 1136 1659 1236 reprel.
1687 1140 1798 1216 Char.
1824 1143 1885 1218 lat.

277 1257 362 1332 foll.
382 1284 412 1354 7.
431 1282 512 1331 uon
526 1256 611 1354 llgn.
630 1254 693 1328 lin.
713 1253 771 1328 35.
789 1261 822 1343 4.
949 1241 960 1250 ’

296 1394 299 1404 ’
476 1397 606 1452 Pauori
622 1393 727 1454 Annal.
759 1388 987 1468 Typogr.'T.9.
1006 1384 1089 1465 p.83.
1112 1389 1151 1451 N.
1165 1390 1226 1445 150.

377 1564 461 1656 416.
478 1606 527 1621 -
545 1567 588 1635 ln
612 1563 731 1635 hocce
755 1559 882 1633 libello
906 1572 1086 1632 contenta
1108 1601 1156 1615 -
1177 1556 1698 1664 annemund1·coca·uquitis
1724 1570 1820 1643 Galli
1839 1571 1886 1645 ad

283 1686 466 1761 lectorem
482 1681 644 1782 Epistola
656 1723 698 1737 -
711 1675 1004 1751 Christianillimi
1014 1676 1194 1750 Doctoris
1205 1678 1362 1750 Martini
1371 1678 1579 1755 Latheriad
1592 1683 1887 1763 Inlustrillimum

282 1801 497 1904 principem
517 1799 682 1872 Carolam
697 1794 910 1868 Sabaudrae-
920 1794 1056 1867 ducem
1072 1782 1247 1894 Epistola.
1260 1836 1306 1853 ·-
1323 1795 1520 1869 Haldrichi
1534 1800 1701 1898 Zrz'ngliz'
1711 1804 1888 1904 Tigurini

283 1918 458 2018 Episcopi
481 1917 573 2015 vigil
600 1911 773 1989 antillimi
794 1910 841 1985 ad
868 1911 1010 1984 Petmm
1028 1910 1236 1984 Sebrbz'llam
1259 1913 1458 1987 Gratia-
1475 1916 1742 2015 nopolitanum
1760 1925 1888 1999 Eccle·
1944 1937 1948 1940 ’

280 2035 404 2111 liasten
420 2017 583 2135 Epistola
595 2049 664 2107 etc.
676 2029 837 2103 *Haec
848 2027 887 2102 in
902 2028 1038 2103 fronte.
1055 2070 1101 2086 -
1120 2027 1184 2102 fol.
1196 2030 1228 2102 8.
1245 2027 1307 2103 lin.
1330 2031 1382 2104 18.
1403 2057 1448 2105 ex
1472 2033 1603 2130 Tiguro
1617 2036 1886 2116 Helvetiorum

282 2179 393 2253 pago.
412 2155 466 2226 ι5.
490 2152 552 2225 die
583 2147 794 2224 decembris
817 2147 933 2221 Anno
958 2147 1010 2223 M.
1021 2145 1070 2220 D.
1082 2145 1227 2221 XXlll.
1257 2163 1326 2222 etc.
1349 2189 1403 2246 ··.
1422 2149 1534 2226 Char.
1561 2151 1622 2226 lat.
1654 2154 1727 2229 loll.
1747 2157 1781 2230 8.
1806 2185 1888 2234 non

283 2269 655 2369 QMAEA-

439 2491 441 2496 .
474 2405 656 2483 opusculum
674 2403 835 2461 hucusdum
848 2421 909 2459 nou
924 2400 1099 2462 recenlitum.

376 2581 460 2672 417.
477 2618 527 2634 -
543 2576 703 2651 Graecae
720 2576 941 2648 litteraturae
956 2573 1181 2670 Dragmata,
1200 2572 1255 2646 Jo.
1271 2573 1550 2674 Oecolampadz'a
1566 2583 1699 2657 autore
1718 2570 1769 2643 -Ᾰ-
1781 2586 1883 2674 Tan·

282 2693 370 2768 dem
388 2692 598 2767 accuratius
613 2690 809 2791 recognita
826 2732 873 2747 -
891 2716 938 2766 ex
964 2689 1106 2789 inclyta
1123 2691 1351 2765 Germaniae
1375 2693 1544 2792 Basilea‚
1576 2697 1614 2771 in
1634 2696 1788 2777 aedibus
1806 2704 1885 2778 An·

278 2813 387 2885 alreac
414 2811 616 2883 Cratandrz'.
643 2811 757 2883 Anno
783 2807 942 2882 Domini
963 2807 1014 2880 M.
1025 2808 1073 2882 D.
1087 2808 1232 2888 XXIII.
1251 2852 1301 2866 —
1325 2810 1428 2884 Haec
1456 2811 1495 2885 in
1519 2813 1653 2890 fronte.
1681 2846 1718 2918 p.
1735 2823 1817 2898 205.
1837 2833 1896 2898 ex'
1942 2861 1945 2867 ¹

232 2938 239 2951 ‘
278 2929 421 3029 inclyta
438 2927 667 3002 Germaniae
685 2923 846 3024 Βιψῒεα,
871 2925 911 2999 in
940 2925 1095 3000 aedibus
1108 2926 1278 3000 Andreae
1297 2930 1625 3009 Cratandrr'menle
1641 2934 1766 3036 Aprili
1779 2967 1879 3015 anno

278 3047 452 3146 Virginei
468 3047 605 3124 Partus
622 3047 673 3120 M.
682 3047 731 3119 D.
750 3045 894 3122 XXlll.
913 3045 1025 3120 Char.
1042 3044 1104 3119 lat.
1127 3070 1249 3144 graec.
1269 3073 1306 3146 p.
1325 3051 1408 3135 204.
1428 3045 1513 3147 fign.
1535 3048 1574 3123 in
1590 3066 1684 3127 toto.
1709 3059 1792 3132 205.
1814 3057 1876 3134 lin.

283 3166 340 3240 26.
353 3165 387 3238 8.
413 3167 476 3237 Ex
494 3168 704 3238 callectroae
723 3163 960 3238 Herbiar'ana.

472 3302 601 3359 Panzerr'
617 3301 722 3358 Annal.
744 3303 875 3376 Typogr.
893 3302 929 3356 T.
940 3301 967 3357 6.
984 3320 1012 3376 p.
1024 3311 1087 3374 240.
1108 3301 1146 3356 N.
1156 3296 1221 3376 498.
1239 3301 1341 3358 Meta.
1362 3303 1398 3357 T.
1408 3317 1434 3358 2.
1453 3323 1482 3379 p.
1494 3303 1557 3379 642.

347 3519 349 3521 >
376 3471 459 3560 418.
471 3511 518 3528 -
533 3471 592 3544 De
608 3485 696 3545 octo
714 3468 898 3544 orationis
913 3469 1081 3568 partium
1093 3470 1368 3546 constructione
1384 3469 1566 3562 Libellus,
1581 3490 1665 3553 tum
1682 3480 1830 3582 elegans
1843 3487 1882 3561 in

279 3588 433 3690 primis,
457 3605 543 3663 tum
568 3580 734 3663 dilucida
753 3585 940 3687 brevitate
959 3584 1227 3687 copiofissimus
1246 3627 1293 3644 ·-
1316 3579 1469 3689 Erasmo
1493 3593 1731 3675 Boterodamo
1753 3620 1882 3679 aucto-

277 3734 332 3784 re.
348 3749 399 3766 -
416 3707 521 3781 Haec
544 3705 584 3778 in
608 3706 744 3780 fronte.
765 3744 816 3762 -·
836 3703 899 3778 tol.
919 3703 977 3778 28.
1005 3703 1244 3802 Argentorati
1265 3704 1425 3781 Ioannes
1448 3711 1680 3788 Knoblochus
1704 3719 1879 3797 Stanneis

278 3823 557 3900 characteribus
575 3821 794 3898 excudebat.
813 3837 949 3896 octavo
965 3820 1122 3894 Kalend.
1139 3822 1258 3895 Maias
1276 3849 1399 3924 prope
1415 3823 1562 3904 lacrum
1582 3831 1689 3907 divae
1708 3834 1880 3913 Babarae
1936 3848 1962 3910 0

277 3941 453 4017 Phanum
467 3939 582 4016 Anno
600 3936 1208 4049 M.D.xx1¹11.intgneTypogr.
1229 3939 1345 4014 Char.
1363 3942 1422 4018 lat.
1445 3944 1521 4022 loll.
1539 3975 1597 4046 27.
1622 3948 1707 4050 fign.
1734 3953 1774 4029 in
1792 3970 1877 4034 toto

280 4060 337 4133 28.
354 4059 534 4155 lin.27.8.

471 4187 574 4252 Editio
592 4195 755 4253 hucusdum
772 4215 833 4253 nou
847 4197 990 4253 recenfits.

369 4371 453 4465 419.
474 4405 521 4424 -
543 4364 799 4440 Continentur
814 4365 853 4439 in
869 4366 944 4440 hoc
962 4363 1221 4443 volumine-
1239 4367 1392 4468 Georgii
1408 4369 1876 4475 TrapezuntiiChetorico·

273 4482 362 4558 libri
382 4485 431 4558 V.
447 4521 500 4542 -
517 4482 680 4581 Consulti
700 4483 1084 4559 Cht'n‘t'Fortunatr'anr'
1094 4486 1181 4560 libri
1198 4488 1262 4560 lll.
1276 4486 1497 4591 -Aquz'lae
1507 4494 1672 4572 Romani
1683 4500 1728 4575 de
1745 4496 1875 4602 liguris

270 4601 553 4692 sententiarum,
573 4618 613 4678 et
628 4601 852 4678 elocutionis
867 4600 973 4677 liber.
990 4588 1030 4675 P.
1047 4603 1285 4705 IlatiliiLapr'
1295 4609 1503 4685 earundem
1521 4613 1728 4714 figurarum
1747 4625 1767 4692 ὲ
1788 4622 1877 4694 Gar-

270 4724 338 4821 gia
358 4722 455 4834 liber
472 4765 523 4786 -
541 4721 748 4823 Austotelr's
764 4719 1064 4799 Rhetoricorum
1085 4722 1132 4798 ad
1155 4721 1375 4800 lbeodectea
1398 4728 1553 4828 Georgia
1568 4733 1802 4835 Trapezuntra
1818 4735 1877 4811 in·

1505 4888 1585 4962 R2
