4320 5700
271 607 328 707 62¹
673 625 912 685 carriacus
934 623 1309 683 amuocaarmcus
1335 623 1474 684 raama.

275 816 459 899 quuntur„
474 801 699 878 Additiones
723 833 802 879 non
823 800 947 879 nullae
963 804 1157 903 prioribus
1175 821 1244 879 etc.
1263 804 1487 877 -f01.155=.
1507 799 1603 874 finis.
1634 799 1746 874 Char.
1776 800 1882 900 goth

275 916 345 990 litt.
364 941 480 1017 marg.
498 919 573 992 soll.
596 923 675 994 155.
689 949 768 996 non
787 922 873 1022 fign.
898 924 961 995 lin.
983 930 1042 1019 47.
1060 929 1094 1011 4.

464 1058 567 1114 Editio
583 1058 654 1114 haee
670 1060 811 1117 rarissima
827 1081 843 1116 a
861 1059 1115 1138 praestantioribus
1133 1060 1268 1116 Aualislis
1285 1060 1446 1117 hucusdum
1464 1078 1522 1116 non
1543 1059 1686 1116 xeunssta.

466 1229 546 1300 180.
564 1269 613 1289 ·-
628 1230 887 1325 Meteorologz'a
905 1229 1109 1326 Aristoteles
1124 1231 1294 1329 Eleganti
1312 1230 1441 1303 Iacobi
1452 1221 1793 1327 Fabristapulerffis
1808 1225 1878 1301 Pa-

273 1344 438 1443 raphrasl
466 1346 685 1445 explanata:
720 1346 1072 1448 commentarioque
1089 1348 1242 1420 Ioannis
1265 1346 1441 1421 Cocblacl
1460 1346 1591 1420 Norici
1620 1345 1809 1419 declarata
1833 1344 1882 1419 ad

150 1536 153 1542 ,
274 1461 420 1536 foelicis
444 1462 484 1534 in
500 1464 761 1563 philosophiae
780 1462 906 1536 studiis
931 1462 1111 1538 successus
1130 1465 1414 1563 calcographiae
1437 1464 1512 1539 iam
1531 1464 1702 1562 primum
1724 1462 1879 1538 deman-
1911 1517 1914 1524 -

275 1579 370 1652 data.
392 1623 435 1681 ᾗ
467 1583 558 1652 lcon
577 1580 874 1680 hemispherium
890 1582 1182 1680 repraesentans.
1199 1625 1247 1639 ·-
1269 1582 1479 1654 Chelidonii
1490 1580 1690 1681 Musophili
1700 1578 1814 1677 Epist.
1833 1578 1881 1653 ad

276 1698 469 1770 lectorem.
487 1696 652 1772 Disticha
678 1699 857 1799 quinque.
879 1742 927 1755 -
951 1700 1055 1773 Haec
1083 1700 1212 1773 omnia
1237 1699 1274 1770 in
1302 1699 1437 1772 sronte.
1458 1700 1814 1796 -Argumentum
1841 1696 1880 1767 in

276 1831 355 1888 tres
375 1813 491 1885 libros
511 1816 787 1889 Meteororum.
800 1860 848 1872 -
863 1817 1039 1888 Cochlaei
1053 1816 1214 1914 Epistola
1231 1816 1278 1890 ad
1290 1816 1374 1889 Ant.
1395 1816 1502 1912 Krcss
1514 1818 1597 1890 Jur.
1614 1816 1880 1888 Doctorem-

192 1989 194 1991 »
276 1931 341 2007 fos.
359 1937 416 2028 94.
433 1930 496 2004 lin.
516 1958 573 2029 29.
591 1933 746 2031 explicit
760 1935 1021 2031 Meteorologia
1037 1930 1240 2028 Aristotelis
1254 1956 1304 1991 ε·
1320 1931 1494 2033 impressa
1508 1931 1757 2029 Norinbergce
1772 1931 1813 2003 in
1824 1927 1883 2003 os·

276 2048 580 2122 sicinaFrcilen'cc'
599 2049 760 2150 Peypuss.
782 2053 896 2124 Anno
923 2051 1046 2126 salutis
1075 2051 1413 2124 M.CCCCC.Xll.
1443 2050 1577 2123 Tertio
1604 2049 1686 2122 idus
1715 2051 1882 2122 Novem·

278 2165 367 2238 bris.
386 2208 436 2222 -
454 2167 614 2266 Tabulla
628 2167 865 2266 alphabetico
880 2212 930 2234 -ι-
946 2186 984 2243 et
1002 2168 1078 2242 soll.
1090 2195 1148 2266 99.
1170 2169 1207 2242 b.
1235 2168 1469 2242 decastiehon
1496 2167 1672 2240 Cochlaei
1689 2166 1730 2240 in
1747 2165 1882 2261 Aristo·

274 2285 392 2368 telem,
412 2325 456 2344 -
478 2285 624 2382 repulsa
645 2285 765 2360 datur.
789 2286 900 2359 Char.
916 2287 979 2359 lat.
998 2287 1126 2383 grand.
1148 2304 1184 2359 et
1209 2285 1340 2361 minus.
1360 2286 1437 2360 soll.
1454 2286 1539 2384 fign.
1559 2292 1617 2384 94.
1642 2284 1684 2359 in
1709 2299 1801 2359 toto·
1823 2307 1880 2381 99.

270 2401 341 2474 lin.
361 2399 441 2472 soll.
457 2400 523 2472 ult.
544 2427 601 2497 99.
618 2401 653 2473 b.
676 2429 729 2474 11.
747 2409 780 2490 4.
801 2405 864 2474 Ec
881 2405 1090 2476 collectione
1105 2404 1341 2479 Herbziuhna.

466 2539 594 2593 Panaeti
612 2538 719 2595 Annas.
739 2541 869 2616 Typogr.
888 2545 921 2597 T.
932 2564 959 2616 7.
979 2562 1008 2618 p.
1018 2542 1083 2614 452.
1103 2543 1141 2597 N.
1151 2538 1198 2598 88.

373 2708 452 2778 181.
469 2749 520 2764 -
536 2706 596 2779 De
612 2696 857 2806 scriptoribus
878 2711 1122 2786 eccleslastieis
1153 2712 1388 2787 dissertissimi
1409 2712 1481 2786 viri
1510 2711 1691 2785 Iohannis
1715 2709 1761 2784 de
1795 2711 1884 2782 Trit-

269 2824 412 2897 tenhem
432 2825 586 2898 Abbatis
609 2825 886 2925 spanhemensis
906 2828 951 2902 de
969 2829 1215 2930 scriptoribus
1234 2830 1479 2905 ecclesiasticis
1497 2829 1745 2903 collectanea:
1777 2826 1882 2900 addi·

270 2942 318 3014 tis
335 2938 414 3015 non
433 2945 627 3016 nullorum
644 2944 922 3019 recentioribus
942 2948 1029 3020 vitis
1053 2964 1092 3020 et
1112 2949 1352 3035 nominibus,
1369 2948 1434 3048 qui
1457 2945 1604 3046 scriptis
1630 2945 1702 3018 suis
1720 2944 1791 3019 hac
1812 2971 1882 3017 no-

269 3063 339 3131 slra
354 3065 571 3159 tempestate
590 3061 768 3135 clariores
788 3060 995 3137 evaserunt.
1015 3065 1158 3162 Insigne
1176 3065 1428 3165 Typographi
1450 3066 1545 3138 Bu.
1563 3107 1611 3120 -
1630 3079 1668 3137 et
1687 3062 1795 3136 insra.
1815 3087 1880 3136 ve·

268 3174 503 3263 numdantur
522 3177 717 3251 Parrhisris
737 3179 817 3279 (ubi
839 3179 1053 3285 impressus)
1082 3210 1103 3256 a
1127 3184 1304 3282 Magistro
1330 3164 1529 3257 Bertlzoldo
1555 3181 1727 3288 ¹Ilembolt
1742 3197 1812 3255 etc.
1831 3221 1882 3238 -

269 3290 428 3365 Haecin
450 3290 575 3364 fronte
593 3336 641 3348 -
659 3293 727 3367 litt.
745 3297 1011 3398 rubro-nigris.
1028 3300 1091 3374 fol.
1118 3303 1200 3376 eod.
1223 3345 1272 3359 -
1297 3302 1460 3401 Epistola
1489 3300 1616 3375 sratris
1639 3299 1717 3373 Ich.
1741 3301 1786 3372 de
1804 3298 1880 3370 La·

265 3410 352 3521 pz'cle
388 3407 434 3480 ad
462 3408 510 3480 D.
548 3408 692 3480 Ichana
726 3412 772 3483 de
806 3415 1056 3489 Ammerbach.
1085 3419 1302 3519 Subscripta
1332 3421 1506 3516 Basr'lcce
1533 3448 1567 3493 v.
1595 3415 1747 3491 Calend.
1771 3416 1878 3517 Sept.

269 3525 589 3597 MCCCCXClV.
617 3567 656 3579 ·-
686 3526 748 3599 fol.
773 3554 855 3602 220.
892 3531 955 3605 lin.
987 3533 1040 3605 13.
1063 3535 1148 3608 sinis
1173 3536 1259 3609 libri
1285 3538 1331 3611 de
1360 3536 1606 3636 scriptoribus
1632 3524 1879 3608 ecclesiasticis

271 3641 505 3716 dissertissimi
531 3643 650 3741 patris
673 3645 832 3718 Domini
863 3648 1045 3722 Iohannis
1078 3652 1275 3747 sllscnhem
1304 3655 1447 3729 abbatis
1475 3650 1765 3754 spanhemensis
1789 3675 1880 3724 cum

269 3759 400 3835 multis
417 3760 673 3834 additionibus
699 3762 893 3849 illustrium
914 3767 1090 3842 virorum
1109 3770 1263 3868 Parisiis
1280 3775 1395 3846 Anno
1411 3771 1569 3845 Domini
1585 3769 1794 3843 M.D.X11.
1815 3766 1876 3843 die

271 3906 362 3953 vero
383 3879 491 3951 XXI.
510 3878 643 3951 mensis
664 3879 844 3956 Octobris
863 3884 975 3960 Char.
998 3888 1059 3960 lat.
1080 3888 1148 3961 litt.
1176 3889 1254 3964 init.
1272 3889 1400 3992 grand.
1422 3890 1497 3963 soll.
1524 3891 1708 3988 sigmaro.
1728 3887 1768 3959 in
1791 3902 1878 3960 toto

269 3998 351 4072 230.
373 3998 436 4071 lin.
457 3998 514 4072 38.
536 4005 568 4086 4.
596 3999 659 4069 Ex
675 4001 884 4075 collectzbnc
902 4004 1138 4079 Herbz'ziona.
1872 3998 1875 4003 ’

460 4139 588 4194 Panaeti
604 4137 710 4193 Annas.
731 4138 864 4216 Typogr.
886 4144 957 4216 T.7.
976 4164 1004 4218 p.
1016 4145 1080 4220 559.
1099 4145 1461 4201 N.511.Maiu.ind.11.
1482 4162 1585 4222 p.297.

371 4304 449 4375 182.
465 4346 514 4359 —
531 4307 732 4382 Tractatus
752 4310 1048 4386 reverendissimi
1061 4313 1183 4386 Patris
1202 4313 1328 4387 fratris
1345 4315 1504 4388 Thomas
1514 4316 1559 4389 de
1579 4316 1643 4388 Vz'o
1658 4315 1874 4388 Caietani-

271 4421 317 4493 de
341 4421 626 4519 comparatione
644 4428 877 4502 auctoritatis
892 4430 1016 4529 Papae
1045 4447 1083 4503 et
1110 4430 1272 4503 Concilii
1300 4431 1363 4505 seu
1384 4433 1553 4507 eccleslae
1579 4432 1806 4536 universalis.
1826 4470 1899 4499 -.

270 4539 376 4612 Haec
397 4538 436 4609 in
449 4538 576 4610 fronte
597 4581 647 4595 —
672 4541 701 4610 F
704 4543 752 4614 ol.
770 4545 851 4616 eod.
876 4546 911 4618 b.
934 4549 1096 4646 Epistola
1123 4548 1309 4622 Thomae·
1323 4551 1368 4624 de
1388 4551 1465 4625 Vio
1488 4552 1533 4625 ad
1561 4550 1800 4626 Cardinalem
1830 4550 1876 4621 de

268 4655 395 4753 slzsco.
410 4689 452 4714 -ι
473 4655 536 4727 sol.
557 4656 614 4745 34.
633 4657 696 4731 lin.
716 4661 773 4730 23.
798 4660 970 4734 οοΙοιιίαε
988 4665 1027 4736 in
1043 4665 1197 4738 officina
1223 4667 1404 4742 litteraria
1424 4669 1677 4767 ingenuorum
1706 4666 1874 4741 liliorum

275 4777 445 4877 Quentell
458 4791 631 4852 exaratus
648 4775 763 4852 Anno
785 4807 806 4854 a
825 4781 939 4856 natali
959 4781 1157 4857 christiano
1185 4786 1235 4860 M.
1247 4786 1410 4862 CCCCC
1419 4789 1505 4862 Xll.
1525 4787 1674 4863 decimo
1685 4782 1873 4862 Kalendas
