4320 5700
376 635 454 693 tun
866 719 870 724 .
988 664 1087 679 --
1136 624 1245 721 )0(
1294 662 1393 679 ---

479 813 540 890 Ad
566 817 718 892 inutiles
739 843 894 920 quoque
911 817 1022 917 hujus
1041 820 1125 894 aevi
1145 835 1304 895 conatus
1323 818 1523 894 referenda
1546 824 1594 893 est
1609 819 1840 919 investigatio
1860 821 1996 897 inven-

297 1066 302 1071 .
381 992 443 1051 tae
461 978 551 1052 artis
579 978 878 1079 typographicae
903 1005 950 1053 ex
976 979 1060 1053 solis
1083 980 1340 1055 litteratorum
1365 978 1613 1079 opinionibus
1638 974 1876 1066 instituenda,
1905 1007 1998 1055 curn

384 1153 515 1237 gentes
538 1138 637 1215 inter
654 1156 692 1214 et
712 1140 826 1214 urbes
847 1141 912 1214 diu
931 1141 1174 1242 multumque
1192 1139 1313 1216 suillet
1333 1099 1583 1241 disputatum,
1603 1141 1754 1222 cuinam
1774 1166 1906 1215 earum
1916 1142 1998 1242 pal·

377 1281 464 1386 ma,
484 1299 635 1375 cuinam
654 1300 775 1399 gloria
789 1299 1010 1402 primaevae
1028 1299 1260 1376 inventionis
1271 1299 1397 1387 cedat;
1420 1302 1552 1400 ingens
1569 1301 1672 1376 enim
1686 1300 1915 1400 scriptorum
1923 1325 1997 1375 nu·

386 1485 516 1533 merus
538 1462 576 1533 in
595 1439 751 1535 arenam
770 1461 868 1537 hanc
883 1459 1107 1559 litterariam
1126 1460 1202 1535 iam
1221 1460 1365 1535 dudum
1383 1460 1595 1547 descendit,
1616 1461 1710 1563 quin
1732 1485 1793 1534 res
1812 1460 1858 1534 ad
1885 1460 1999 1560 liqui-

384 1616 476 1693 dum
491 1620 696 1720 perducta,
713 1619 775 1695 led
793 1619 923 1719 potius
938 1646 1009 1719 per
1037 1603 1166 1721 inepta
1180 1604 1321 1707 dubia,
1351 1645 1446 1719 vaga
1468 1619 1637 1705 euteria,
1668 1619 1928 1720 fabulosasque
1949 1619 2003 1694 al-
2079 1683 2089 1694 .

386 1774 571 1854 [artiones
600 1782 638 1876 5)
666 1778 863 1854 oblcurior
883 1779 1032 1854 reddita
1046 1779 1162 1854 suerit
1174 1805 1182 1867 ;
1196 1780 1235 1853 in
1250 1807 1296 1855 eo
1313 1795 1442 1856 tamen
1458 1779 1537 1855 fere
1553 1779 1736 1855 aduttum
1753 1805 1886 1853 omnes
1902 1746 1996 1852 con-

385 1955 595 2029 venerunt,
615 1940 712 2015 hanc
730 1939 821 2015 artis
842 1939 1020 2016 inventae
1037 1939 1199 2038 gloriam
1225 1940 1427 2015 Germania
1446 1938 1516 2016 elle
1531 1939 1784 2015 tribuendam.

484 2276 538 2349 At
557 2276 657 2349 inter
677 2275 776 2376 ipsos
797 2276 1026 2351 Germaniae
1052 2276 1222 2350 eruditos
1247 2301 1319 2350 nec
1339 2301 1417 2350 una
1443 2280 1492 2351 est
1517 2275 1861 2376 detypographiae
1884 2274 1995 2348 cunia

389 2433 591 2520 sementim
619 2437 658 2531 6)
686 2435 747 2508 alii
772 2435 875 2508 enim
901 2435 1164 2510 inventionem
1189 2435 1302 2510 huius
1324 2435 1415 2510 artis
1440 2434 1795 2536 Argentinenlibus,
1820 2432 1884 2508 alii
1905 2434 1994 2506 Mo-

386 2593 556 2690 guntinis
582 2593 754 2666 nonnulli
779 2620 875 2668 vero
905 2594 1213 2669 Harlemenfibus
1228 2593 1423 2671 vindicare
1441 2594 1566 2670 conati
1584 2593 1678 2669 lunt.
1712 2592 1786 2668 Per
1809 2586 1887 2667 duo
1912 2591 1994 2667 fere

389 2748 534 2825 saecula
550 2750 617 2826 sub
635 2751 758 2826 iudice
779 2752 823 2826 lia
840 2758 912 2842 est,
938 2778 1125 2854 quaenam
1142 2752 1375 2854 potiffimum
1392 2754 1496 2856 typis
1513 2754 1758 2857 imprimendi
1777 2753 1917 2854 species
1946 2752 1993 2826 ab

390 2937 520 2985 earum
541 2911 739 2986 civitatum
758 2911 890 2986 incolis
912 2931 950 2987 et
968 2914 1186 2988 auctoribus
1203 2917 1318 3014 vulgo
1335 2916 1486 2991 creditis
1502 2917 1657 2990 inventa
1675 2915 1725 2988 fit.

482 3246 586 3316 luter
610 3243 846 3332 defensores,
868 3246 933 3348 qui
961 3247 1051 3324 artis
1070 3248 1183 3323 huius
1204 3247 1466 3325 inventionem
1485 3246 1705 3348 Argentinis
1725 3244 1990 3341 vindicabant,

395 3631 1987 3663 mmm—-

463 3877 512 3958 d)
532 3882 626 3939 Erant
640 3880 796 3948 nonnulli,
814 3882 866 3957 qui
882 3880 970 3956 usque
988 3899 1022 3938 eo
1039 3882 1218 3951 insanirent,
1235 3886 1358 3965 utjuxta
1376 3883 1546 3960 opinionem
1565 3882 1595 3940 S.
1617 3883 1757 3958 Cypriani
1766 3881 1927 3938 Saturnum
1944 3899 1990 3935 ar·

380 4000 416 4054 tia
434 3995 665 4074 typographicae
682 4011 829 4051 auctorem
849 4007 933 4069 atque
952 3995 1136 4052 inventorem
1155 3995 1301 4065 facerent,
1326 3996 1403 4072 quafi
1421 4014 1492 4052 vero
1509 3995 1561 4053 ille
1578 3999 1636 4078 jam
1653 4010 1719 4051 ante
1743 3981 1840 4065 ieram
1858 3992 1986 4050 chrillia·

380 4113 447 4164 nam
463 4110 574 4165 litteras
592 4109 781 4185 imprimere,
801 4123 828 4162 et
842 4107 951 4182 signare
967 4127 1099 4164 nummos
1113 4111 1266 4186 primusin
1282 4112 1378 4168 Italia
1395 4108 1563 4167 inllituill'et.
1590 4107 1645 4166 Sed
1653 4102 1729 4164 male
1747 4103 1924 4162 intellectum
1934 4106 1987 4163 ess'e

380 4223 521 4298 Cypriani
536 4221 652 4291 locum,
672 4239 847 4299 auctoremq.
865 4219 949 4298 loqui
968 4239 1081 4279 tantum
1100 4222 1134 4280 de
1151 4224 1273 4299 antiquo
1290 4222 1362 4279 stilis
1379 4224 1480 4300 patrie
1496 4203 1751 4318 ferreielcribendi
1767 4221 1799 4276 in
1814 4217 1915 4277 tabula
1926 4237 1988 4276 mo·

376 4354 427 4404 re,
443 4335 536 4409 deque
560 4335 818 4410 inscriptionibus,
846 4354 919 4410 quae
936 4339 968 4393 in
984 4336 1083 4394 aversa
1104 4336 1307 4394 numismatum
1325 4352 1405 4412 parte
1421 4334 1580 4413 adparent,
1596 4337 1656 4394 iam
1680 4319 1793 4433 ptidbm
1810 4324 1987 4419 observarit,

381 4451 502 4507 Gabriel
515 4447 679 4506 Naudaeas
697 4449 774 4524 apud
795 4450 934 4525 Wolfium
953 4468 1080 4507 monum.
1100 4466 1217 4527 typogr.
1235 4454 1264 4513 Ρ.
1285 4471 1309 4511 ι,
1329 4461 1432 4528 Ρῑ494.
1451 4450 1509 4525 seq.

469 4678 506 4754 6)
523 4674 697 4738 Conleratur
713 4675 894 4732 Bibliotheca
911 4673 1063 4755 Historiae
1080 4681 1242 4740 litterariae
1259 4642 1577 4756 serario-Jagteriana.
1598 4680 1635 4743 Τ.
1651 4680 1677 4736 3.
1695 4683 1721 4751 t.
1733 4676 1819 4736 aad.
1829 4703 1863 4720 ·—
1880 4671 1982 4762 Welstt‘

377 4787 811 4868 Monumentat'ypograpbica.
832 4791 868 4848 Τ.
881 4812 905 4849 1.
924 4811 952 4868 p.
963 4787 1097 4868 85-93.
