4320 5700
282 600 325 670 72
667 593 907 653 caratoeus
933 593 1310 660 ntnntoonarnlcus
1335 595 1493 690 mnxnl'

376 796 458 843 210.
476 810 525 827 -
542 772 727 871 Baptistae
744 774 943 848 Mantuani
960 773 1134 848 Bucolica
1157 775 1220 851 seu
1238 773 1486 850 adolescentia
1503 773 1542 845 in
1563 772 1696 845 decem
1716 771 1890 870 ecglogas

282 886 397 961 divisa
414 916 435 962 a
453 889 582 964 lodoco
597 892 718 966 Badio
740 893 915 991 Ascansio
933 893 1170 968 familiariter
1190 894 1356 993 expofita
1376 917 1464 965 cum
1480 891 1602 964 indice
1623 889 1894 963 dictionum-

282 1007 448 1080 Carmen
468 1007 638 1083 eiusdem
664 1010 710 1084 de
724 1010 851 1085 sancto
870 1013 1011 1084 Ioanne
1019 1012 1183 1110 Baptista
1199 988 1427 1108 -dialogui
1442 1009 1613 1084 eiusdem
1638 1007 1686 1082 de
1709 1007 1789 1081 vita
1808 1008 1895 1081 bea·

280 1141 380 1198 ta-
398 1126 607 1199 Hermanni
617 1128 770 1224 Baschii
781 1130 855 1202 oda
877 1129 922 1203 de
943 1130 1223 1203 contemnendo
1241 1130 1386 1203 mundo
1414 1145 1453 1201 et
1476 1128 1634 1201 amanda
1652 1123 1731 1200 sola
1746 1125 1891 1198 virtute

281 1259 318 1316 et
334 1242 506 1330 scientia,
527 1272 615 1317 cum
636 1246 858 1320 decatostico
879 1249 1083 1345 gallinarii
1097 1248 1278 1320 Badonhi
1298 1248 1336 1320 in
1357 1247 1545 1320 fronte-
1571 1244 1633 1316 sol.
1653 1245 1714 1342 89.
1743 1243 1808 1316 lin.
1840 1243 1891 1315 18.

285 1361 470 1458 Tubiizgae
483 1361 522 1434 in
544 1362 698 1435 aedibus
719 1364 1272 1462 ThomaeAafhelmiBadenszs
1296 1366 1419 1438 mense
1438 1363 1658 1443 Februario
1674 1360 1892 1433 M.D.Xlll.

279 1477 345 1552 sub
363 1479 490 1552 illustri
507 1478 683 1579 Principe
707 1482 873 1555 Udalrico
891 1483 1209 1581 Virtenbergensl.
1229 1484 1367 1581 insigne
1393 1499 1544 1581 typogr.
1570 1481 1614 1552 A.
1632 1481 1675 1552 B.
1698 1479 1813 1552 Char.
1831 1479 1891 1551 lat.

281 1596 472 1704 grandin
495 1612 603 1670 textu
623 1597 714 1672 min.
737 1598 777 1670 in
793 1626 930 1673 comm.
960 1601 1034 1674 foll.
1061 1629 1114 1695 7¹·
1144 1602 1229 1700 fign.
1256 1600 1295 1673 in
1311 1616 1392 1673 toto
1409 1602 1468 1698 89.
1491 1598 1555 1672 tin.
1575 1612 1666 1672 text.
1688 1624 1748 1671 22.
1774 1595 1891 1669 Com-

280 1730 396 1787 ment.
413 1721 471 1803 42.
487 1712 585 1812 gloss.
609 1741 726 1815 marg.
745 1723 779 1805 4.
1166 1711 1169 1716 ’

474 1854 602 1908 Panzeri
619 1854 725 1910 Annal.
743 1857 875 1931 Typogr.
898 1859 933 1911 Τ.
944 1852 971 1911 8.
992 1878 1019 1932 p.
1033 1860 1094 1930 324.
1117 1859 1153 1911 N.
1171 1859 1216 1912 25.

279 2051 282 2054 ’
377 2047 418 2093 ar
432 2049 457 2095 1.
474 2065 525 2080 -
547 2020 753 2123 Opascalam
761 2025 917 2098 Henre'ci
931 2017 1329 2122 Bebeliilullingensts
1349 2026 1395 2099 de
1420 2022 1650 2097 institutione
1662 2047 1891 2122 puerorum,

281 2138 419 2239 quibus
439 2140 620 2227 Artibus,
640 2158 678 2216 et
694 2143 985 2242 preceptoribus
1006 2138 1218 2217 instituendi
1239 2158 1277 2215 et
1292 2142 1464 2216 tradendi
1484 2142 1571 2227 stnt,
1591 2168 1670 2242 una
1683 2166 1773 2213 cum
1785 2139 1892 2238 Apo·

279 2257 379 2355 logia
400 2274 438 2331 et
457 2259 667 2333 defenslone
686 2260 853 2359 poetices
872 2278 1005 2334 contra
1024 2262 1204 2335 aemulos.
1219 2303 1269 2317 -
1286 2264 1392 2333 Item.
1415 2257 1638 2359 opusculum
1665 2259 1732 2358 qui
1760 2273 1891 2330 aucto·

162 2399 169 2411 ¹
280 2403 341 2448 res
361 2375 508 2472 legendi
528 2376 596 2447 smt
609 2376 656 2449 ad
675 2379 1001 2476 comparationem
1022 2379 1261 2478 eloquentiae
1280 2421 1329 2435 -
1348 2376 1558 2451 Comoedia
1573 2377 1633 2450 vel
1658 2375 1792 2474 potius
1813 2373 1891 2449 dia·

277 2493 385 2590 logus
405 2492 450 2565 de
469 2491 616 2590 optimo
636 2493 753 2565 studio
777 2492 1087 2568 scholasticorum.
1104 2539 1153 2552 -
1172 2499 1277 2568 Item.
1297 2496 1433 2571 Oratio
1452 2493 1497 2568 de
1519 2493 1681 2589 utilitate
1706 2493 1892 2592 eloquen-

276 2610 368 2710 tiae,
388 2625 426 2682 et
446 2636 619 2709 quaeres
644 2603 754 2683 saciat
771 2639 912 2710 pueros
937 2613 1170 2712 eloquentes.
1196 2656 1245 2669 -
1269 2611 1459 2711 Apologia
1487 2627 1525 2685 et
1553 2609 1716 2683 defensio
1747 2609 1920 2682 Bebelii⁸

277 2742 410 2801 contra
428 2725 658 2801 adversarios
678 2725 774 2802 suos.
794 2772 839 2790 ·-·
858 2730 962 2803 Haec
982 2730 1020 2802 in
1037 2731 1180 2804 fronte:
1199 2731 1261 2803 fol.
1284 2729 1367 2803 eod.
1389 2728 1536 2802 Bebelii
1551 2726 1713 2826 Epistola
1730 2726 1780 2799 ad
1807 2724 1893 2823 Oes-
2003 2729 2010 2745 “

273 2847 386 2917 leram
408 2889 455 2905 -
476 2844 696 2945 Subscripta
720 2847 905 2944 Tabiagae
924 2851 989 2921 Vl.
1009 2849 1096 2922 ldus
1116 2848 1245 2922 Maias.
1271 2849 1374 2919 1506.
1393 2886 1441 2900 -
1456 2845 1520 2918 fol.
1543 2844 1577 2917 3.
1592 2843 1627 2931 b.
1645 2842 1890 2942 Apologia-

174 3052 176 3059 Ι
274 2964 337 3036 sol.
352 2970 410 3052 44.
430 2965 493 3038 lin.
506 2966 564 3038 30.
588 2967 828 3064 Argentorati
842 2967 882 3054 in
901 2965 1055 3039 aedibus
1074 2967 1335 3039 Scharereanis.
1369 2965 1484 3037 Anno
1514 2961 1726 3034 M.D.Xlll.
1761 2959 1891 3035 mense

279 3083 392 3178 Maj0.
414 3083 526 3157 Char.
547 3084 650 3181 goth.
666 3082 819 3156 minusc.
837 3084 915 3159 loll.
935 3091 993 3172 4¹4.
1017 3083 1079 3157 lin.
1100 3084 1157 3181 39.
1177 3089 1210 3171 4.

471 3223 598 3275 Panzeri
615 3223 719 3276 Annal.
741 3225 873 3299 Typogr.
895 3225 930 3279 T.
950 3222 976 3279 6.
995 3243 1023 3298 p.
1032 3222 1087 3279 61..
1099 3223 1138 3281 N.
1149 3225 1211 3298 293.

371 3389 503 3460 211.'a.
519 3427 566 3442 -
590 3391 737 3462 Claudii
758 3383 963 3465 Ptolomaei
983 3392 1055 3464 viri
1075 3378 1331 3490 Alexandrini·
1348 3370 1648 3474 Mathematicae,
1668 3365 1886 3487 disciplinae

275 3500 492 3600 Philosophi
514 3503 711 3576 doctislimi
735 3508 1000 3606 Geographiae
1015 3536 1111 3606 opus
1129 3509 1326 3595 novillima
1341 3509 1581 3584 traductione
1601 3536 1621 3581 e
1641 3507 1885 3580 Graecorum

275 3619 491 3719 archetypis
520 3621 785 3720 castigatissime
815 3623 997 3723 pressum:
1025 3618 1182 3700 caeteris
1200 3643 1285 3701 ante
1304 3617 1598 3724 lucubratorum
1624 3624 1746 3697 multo
1777 3649 1888 3722 prae-
1965 3692 1977 3703 .

274 3739 436 3814 stantius.
457 3781 502 3794 -
524 3739 601 3811 Pro
622 3738 747 3837 prima
763 3758 871 3839 parte
887 3742 1084 3848 continens
1108 3746 1159 3816 Cl.
1178 3742 1383 3818 Ptolemaei
1398 3743 1683 3844 Geographiam
1705 3767 1777 3840 per
1793 3754 1883 3813 octo
2012 3781 2015 3794 .

272 3858 390 3931 libros
411 3855 610 3956 partitam,
639 3855 684 3930 ad
703 3858 968 3959 antiquitatem
992 3859 1117 3949 suam,
1141 3862 1285 3961 integre
1304 3880 1340 3936 et
1366 3863 1439 3936 fine
1459 3864 1536 3936 ulla
1556 3858 1815 3957 corruptione.
1835 3897 1885 3913 -

204 4026 221 4041 ·
271 3978 360 4051 Una
387 3999 475 4047 cum
503 3976 705 4050 collatione
733 3976 944 4051 dictionum
971 3993 1191 4077 graecarum
1216 4007 1235 4054 e
1266 3980 1422 4079 regione
1448 3981 1494 4053 ad
1520 3979 1651 4053 latinas
1681 3973 1884 4050 certissima

272 4093 458 4191 graduum
483 4095 741 4170 calculatione.
760 4137 808 4155 -
827 4096 1139 4195 Registrationem
1159 4098 1251 4172 item
1269 4124 1410 4171 novam
1428 4097 1649 4195 regionum,
1666 4093 1881 4196 praesectu-

268 4235 422 4295 rarum,
441 4212 657 4301 civitatum,
675 4215 897 4300 fluminum,
915 4215 1098 4300 marium,
1124 4216 1292 4300 lacuum,
1318 4231 1523 4315 portuum,
1546 4203 1744 4299 silvarum,
1767 4209 1881 4312 oppi-

272 4328 430 4413 dorum,
452 4329 626 4403 villarum
644 4360 685 4407 ac
702 4335 890 4430 gentium,
909 4333 954 4407 ad
973 4334 1148 4407 ordinem
1164 4328 1403 4420 chartarum,
1424 4349 1461 4407 et
1478 4335 1745 4407 columnarum
1760 4329 1880 4428 fingu-

234 4515 235 4519 ,
270 4434 306 4518 la
327 4444 529 4518 certissimo
546 4453 753 4523 monstrans
775 4453 908 4525 indice.
929 4495 978 4511 -
999 4454 1126 4549 Quam
1153 4450 1280 4524 brevis
1306 4468 1344 4525 et
1370 4450 1576 4527 doctissima
1600 4450 1771 4549 Gregorii
1791 4448 1881 4548 Lily

268 4562 507 4663 subsequitur
528 4563 719 4635 instructio
742 4568 787 4640 de
806 4572 1043 4643 Graecorum
1058 4569 1245 4643 numerali
1268 4569 1556 4670 supputatione,
1579 4569 1619 4642 in
1633 4565 1877 4645 traductione

270 4709 403 4779 graeca
422 4708 482 4754 res
501 4680 592 4753 scitu
612 4707 738 4754 aurex.
756 4724 804 4740 -
823 4684 1056 4775 Tabularum
1073 4687 1160 4761 dein
1180 4688 1360 4761 Auctoris
1379 4688 1513 4788 viginti
1532 4687 1676 4788 septem
1698 4684 1794 4760 ordo
1813 4683 1878 4757 hic

270 4806 317 4873 cst
338 4801 525 4878 Generale
544 4798 649 4874 orbis
662 4800 768 4898 juxta
783 4800 1074 4899 descriptionem
1092 4804 1299 4880 Ptolemaei.
1317 4807 1414 4882 Una.
1431 4808 1607 4908 Europae
1618 4803 1778 4882 ‘tabulae
1795 4800 1875 4876 De-
