4320 5700
291 587 357 637 102
657 582 897 645 ctrttoous
923 582 1297 642 ntnttoonarfflctts
1322 580 1507 641 MDXVllI.

288 757 448 832 Domini
463 758 648 834 Mileslmo
668 763 966 862 quingentesimo
989 764 1137 839 decimo
1164 762 1508 838 octavo'die'vero
1535 757 1727 860 trigesimo
1752 756 1884 833 Martii.

289 877 502 976 Registrum
523 895 592 955 etc.
614 896 651 954 et
673 881 799 980 insign.
816 899 967 984 typogr.
986 883 1097 957 Char.
1121 883 1181 957 lat.
1211 884 1289 982 195.
1308 880 1392 980 stgn.
1415 879 1479 955 tin.
1496 877 1553 953 32.
1580 878 1615 952 8.

481 1016 583 1074 Editio
598 1019 708 1076 venus.
725 1021 856 1079 nondum
875 1023 1017 1078 recensita.

384 1228 466 1303 301.
481 1269 528 1288 -
545 1230 705 1305 loannes
720 1232 916 1307 Frobemits
932 1232 1096 1306 studiosis
1119 1232 1157 1305 S.
1187 1231 1235 1303 D.
1256 1231 1397 1303 Damus
1419 1204 1522 1303 nunc
1547 1225 1658 1302 vobis
1682 1225 1791 1298 Omm
1819 1224 1884 1300 sive

287 1344 496 1446 Apollinem
510 1351 692 1421 Niliacum
713 1350 759 1425 de
773 1350 1082 1450 Hieroglyphicis
1095 1349 1197 1423 notis
1220 1377 1241 1422 a
1259 1349 1488 1423 Bernardr'no
1513 1343 1678 1418 Trebatio
1694 1341 1884 1418 Vaicetino

285 1463 471 1539 latinitate
488 1464 681 1540 donatum.
712 1471 752 1539 ln
772 1495 848 1567 quo
865 1469 1004 1542 veteris
1024 1467 1306 1568 Aegyptiorum
1327 1465 1526 1564 sapientiae
1544 1459 1765 1536 thesaurum
1783 1487 1885 1561 repc-

286 1581 412 1668 rietis‚
432 1582 546 1680 vulgo
567 1583 775 1658 hauddum
795 1586 1009 1684 cognitum,
1028 1601 1066 1659 et
1080 1587 1194 1660 miras
1211 1609 1341 1657 rerum
1356 1609 1398 1656 ac
1417 1579 1670 1654 animantium
1682 1595 1837 1653 naturas
1848 1603 1884 1652 ac

285 1699 553 1800 proprietates.
581 1702 680 1774 Eum
695 1700 845 1801 infignis
868 1703 930 1777 ille
950 1703 1155 1777 meliorum
1174 1702 1371 1775 literarum
1384 1685 1532 1773 antistes
1549 1698 1737 1770 Corradus
1749 1696 1885 1789 Pentrir·

284 1840 356 1914 ger
371 1816 472 1914 apud
493 1816 715 1892 Vindelicos
733 1821 937 1917 Augustani
954 1819 1101 1895 senatus
1125 1849 1146 1895 a
1163 1818 1349 1904 Socratis,
1376 1832 1414 1890 et
1431 1816 1632 1890 Caesareae
1656 1813 1887 1912 majestatisa

288 1932 442 2012 eonfilio
458 1933 665 2008 liberaliter
683 1961 762 2008 non
786 1936 838 2009 ita
861 1936 1004 2010 dudum
1023 1937 1134 2011 nobis
1158 1933 1464 2010 communicavit.
1480 1935 1584 2007 Bene
1602 1934 1728 2007 valete
1749 1933 1886 2006 etFro·

285 2049 444 2124 benium
461 2069 593 2126 amate.
606 2092 653 2108 -
670 2053 775 2127 Haec
795 2053 833 2126 in
848 2054 974 2129 fronte
991 2055 1321 2128 limbo'ornata—
1336 2081 1371 2152 p.
1392 2052 1424 2126 3.
1440 2051 1606 2152 Epistola
1616 2051 1803 2129 Bemardi
1811 2049 1887 2122 tte-

284 2167 367 2240 bati
379 2167 423 2241 ad
448 2169 676 2244 Chunradum
693 2170 945 2269 Peutzizgerum
960 2200 996 2272 p.
1020 2176 1076 2262 54.
1098 2172 1159 2245 lin.
1181 2200 1211 2269 7.
1234 2157 1303 2244 Ort
1323 2171 1511 2271 Apollinis
1529 2169 1676 2241 M‘lztaeci
1690 2167 1888 2266 Hierogly-

284 2285 399 2386 pbica
414 2287 642 2360 Bemardrizo
662 2288 827 2362 Trebatio
852 2291 1035 2364 Vz'centino
1051 2290 1260 2389 interprete
1280 2290 1430 2362 finis.-
1448 2288 1512 2362 fot.
1531 2286 1602 2386 sep.
1622 2312 1704 2360 non
1721 2285 1889 2385 fignBa-

270 2405 397 2502 sileae
414 2403 516 2503 apud
534 2404 637 2477 loun.
658 2407 869 2480 Frobenritm
890 2406 1017 2482 mense
1037 2406 1244 2480 Februario
1269 2408 1383 2480 Anno
1407 2406 1459 2479 M.
1470 2405 1517 2478 D.
1534 2405 1677 2477 xvltt.
1697 2402 1809 2479 Char.
1827 2402 1887 2477 lat.

283 2520 413 2621 grand.
434 2547 471 2620 p.
491 2521 548 2609 54.
566 2519 652 2618 fign.
673 2521 735 2594 lin.
753 2524 811 2596 26.
834 2530 866 2613 4.

473 2661 603 2715 Ponzerr'
617 2659 723 2719 Annal.
742 2661 874 2736 Typogr.
894 2663 929 2719 T.
941 2662 966 2728 6,
981 2674 1082 2740 p.204.
1101 2663 1139 2720 N.
1153 2662 1217 2723 216.
1238 2659 1333 2718 nostro
1351 2661 1510 2737 exemplari
1532 2659 1633 2716 desunt
1651 2657 1759 2718 Fratre.
1780 2659 1847 2716 rtet
1862 2673 1891 2713 et

436 2833 443 2841 .
570 2753 651 2808 Petri
662 2755 765 2810 Bembi
779 2754 926 2830 opuscula.

374 2966 457 3038 302.
470 3007 517 3023 -
535 2967 726 3040 Contenta
741 2964 781 3039 in
798 2963 872 3039 hoc
889 2992 1008 3066 opere
1025 2965 1109 3041 sunt
1125 2949 1241 3041 bacci
1262 2966 1411 3037 Catonis
1427 2978 1620 3063 praecepta
1646 2964 1809 3035 moralr‘a
1827 2988 1888 3037 re·

280 3082 450 3179 cognita,
469 3099 582 3182 atque
600 3083 848 3182 interpretata
864 3083 910 3156 ab
936 3083 1087 3178 Erasmo
1105 3084 1355 3156 Ilotarodamo.
1366 3121 1412 3137 —
1427 3080 1539 3155 Mrini
1550 3065 1782 3153 ttr'blnni-
1804 3079 1889 3181 sep-

277 3215 357 3271 tem
376 3197 588 3296 sapientum
604 3201 759 3274 illustres
778 3201 1048 3278 sententiae-
1068 3199 1251 3274 Institutio
1271 3197 1439 3274 hominis
1465 3196 1664 3272 Christiani
1689 3195 1798 3272 versi.
1820 3197 1891 3273 he·

277 3314 458 3389 xametris
475 3342 545 3414 per
559 3313 746 3410 Erasmum
759 3316 1486 3417 Boterodamum.·lsocrat1sParaenensis
1502 3316 1548 3391 ad
1560 3318 1799 3391 Demonr'cum
1810 3316 1889 3390 ttu-

274 3432 408 3531 dolpho
425 3431 601 3526 Agricola
620 3432 850 3530 interprete,
869 3437 1065 3533 recognita
1081 3465 1150 3536 per
1159 3438 1356 3511 Martanum
1375 3434 1888 3536 Dotpium-Epittetistoi·

276 3548 308 3622 ci
336 3547 661 3621 Euchiridion.-
693 3549 792 3621 Cum
817 3551 954 3648 gratia,
983 3568 1020 3624 et
1044 3553 1316 3652 privilegio—
1339 3554 1402 3627 sol.
1431 3552 1564 3628 531in.
1589 3551 1621 3625 8.
1648 3550 1893 3650 Argentorati

156 3734 163 3741 .
276 3666 376 3768 apud
393 3664 576 3740 Mathr'am
595 3666 819 3739 Schnren'um
831 3666 959 3743 Mense
971 3670 1189 3771 Septembri
1202 3672 1310 3744 MD.
1322 3673 1465 3744 XVlll.
1477 3652 1616 3769 insigne
1630 3686 1785 3772 typogr.
1798 3675 1892 3745 cum

274 3784 564 3887 subscriptione:
583 3784 646 3858 fibi
669 3801 708 3858 et
724 3784 806 3861 suis.
836 3787 946 3863 Char.
970 3790 1030 3863 lat.
1052 3788 1129 3863 soll.
1148 3790 1205 3865 53.
1225 3789 1292 3866 lin.
1308 3789 1370 3864 sol.
1387 3790 1531 3889 penult.
1549 3789 1606 3864 31.
1633 3794 1667 3877 4.

468 3925 571 3981 Editio
587 3945 729 4001 nusquam
746 3926 883 3983 indicata.

368 4136 506 4209 303.-
533 4139 770 4238 Complurium
795 4141 1009 4213 eruditorum
1035 4156 1167 4216 vatum
1195 4141 1383 4228 carmina,
1414 4141 1461 4214 ad
1488 4139 1734 4239 magnificum
1754 4138 1887 4213 virum

270 4255 318 4327 D.
341 4251 505 4347 Blasz'um
519 4256 742 4340 Holcelrirm,
764 4256 855 4332 sacri
874 4258 1040 4333 Caesaris
1061 4260 1322 4333 Martinilzbni
1340 4257 1593 4332 consiliarium
1611 4257 1885 4331 Moecenatem

272 4395 409 4445 eorum
423 4370 662 4468 precipuum.
676 4418 717 4432 -
740 4372 922 4472 Augustae
946 4378 1207 4450 sindelz'corum
1225 4375 1264 4448 in
1280 4375 1530 4448 celeberrimo
1548 4373 1770 4475 principum
1790 4398 1885 4448 con·
1978 4392 1985 4399 ‘

268 4504 407 4574 ventu,
426 4486 600 4585 impressa
615 4489 877 4566 M.D.XVlls.
892 4536 936 4550 -
955 4495 1059 4567 Haec
1081 4494 1119 4567 in
1141 4495 1266 4569 sronte
1293 4493 1411 4566 limbo
1442 4491 1674 4566 circumdata
1689 4528 1741 4549 -
1763 4490 1828 4564 sol.
1847 4517 1883 4564 a.

268 4606 433 4710 Epistola
449 4604 552 4677 Petri
565 4605 739 4706 Episcopi
751 4609 952 4708 Tergestici
971 4612 1016 4683 ad
1031 4611 1194 4707 Blasr'um
1205 4615 1439 4686 Hoelcelz'um.
1455 4653 1497 4671 ι·-
1509 4608 1713 4710 subscripta
1722 4634 1769 4682 ex
1780 4610 1883 4681 oem'-

264 4745 374 4827 ponto
393 4724 469 4800 Cal.
487 4723 578 4825 Maji
596 4724 711 4799 Anno
727 4724 881 4803 Domin.
900 4725 1002 4803 salut.
1023 4731 1081 4813 Μ.
1093 4731 1142 4804 D.
1154 4730 1298 4807 XVlll.
1315 4730 1376 4807 sol.
1396 4731 1428 4806 3.
1449 4727 1617 4804 Nomina
1634 4751 1790 4816 eorum,
1815 4723 1885 4826 qui
