4320 5700
269 614 319 690 9²
667 605 907 666 Garamans
929 602 1306 666 mttuoonatfflcus
1331 602 1484 663 ttttxtt.

272 764 360 858 cesis
382 783 496 857 Anno
512 783 672 859 Domini
692 785 921 862 M.D.XVl.
944 785 1005 863 die
1020 814 1115 863 vero
1140 785 1270 862 XXV.
1288 783 1422 861 mensio
1444 780 1610 883 Augusti.
1631 780 1746 856 Char.
1774 779 1878 881 goth:

274 900 352 975 soll.
373 907 430 998 74.
452 901 538 999 sign.
558 902 716 994 lin.154.
741 904 766 979 s.

467 1042 597 1098 Panaeti
615 1043 721 1099 Annal
740 1042 873 1118 Typogr.
894 1042 929 1098 T.
939 1042 966 1101 6.
985 1042 1068 1120 qu.
1086 1042 1124 1100 N.
1133 1046 1198 1119 432.

368 1186 451 1283 267.
464 1226 511 1242 -
523 1187 688 1261 Sevenizi
698 1186 853 1261 Boethii
868 1184 914 1260 de
933 1187 1187 1263 consolatione
1209 1183 1475 1287 Philosophiae
1496 1182 1584 1257 libri
1604 1183 1778 1285 quinque
1797 1210 1882 1259 cum

275 1304 458 1406 perclaris
474 1304 628 1378 loannis
645 1304 850 1378 Murmellii
859 1304 1164 1393 commentariis,
1184 1332 1348 1405 cumque
1366 1298 1553 1405 Rodolphi
1566 1302 1767 1401 Agricolae
1777 1302 1882 1375 Plrn‘-

261 1424 323 1523 sii
337 1438 375 1499 et
394 1422 592 1521 Augustzhi
607 1422 730 1496 Dathi
743 1420 1044 1497 doctissimorum
1061 1423 1235 1498 virorum
1257 1421 1297 1497 in
1312 1421 1465 1496 Boethii
1474 1436 1625 1522 partem
1644 1418 1884 1495 luculentissi-

272 1538 337 1617 ma
352 1540 592 1617 enarratione
612 1557 681 1615 etc.
699 1542 751 1615 M.
763 1538 1055 1616 ceccuxvt.
1072 1542 1234 1643 Epistola
1243 1541 1370 1615 Ioann.
1387 1538 1882 1639 Mumellii‘adlludololmm

277 1660 461 1757 Langium
474 1698 520 1720 ·—
537 1657 601 1733 fol.
625 1666 702 1748 104.
721 1659 785 1733 lin.
805 1666 864 1749 24.
880 1658 944 1732 hic
960 1659 1077 1734 linem
1093 1659 1284 1760 accipiunt
1303 1659 1390 1732 libri
1400 1648 1572 1760 quinque
1584 1656 1792 1733 Boethium
1798 1683 1884 1731 cum

276 1776 478 1852 luculentis
498 1775 626 1850 loann.
647 1776 835 1850 Marmelii
850 1776 1153 1853 enarrationibus
1174 1794 1242 1852 etc.
1261 1820 1311 1835 -
1342 1777 1516 1849 Coloniae
1540 1774 1579 1848 in
1605 1772 1767 1849 ollicina
1786 1774 1884 1849 litte-

278 1893 380 1968 raria
389 1891 646 1992 ingenuorum
661 1893 872 1969 liberorum
894 1895 1071 1998 Quentell.
1082 1897 1195 1969 Anno
1210 1896 1263 1970 M.
1274 1896 1322 1968 D.
1333 1894 1438 1968 XVl.
1450 1891 1575 1995 pridie
1589 1890 1776 1967 Calendaa
1784 1890 1883 1967 Mar·

274 2012 358 2088 tias.
383 2010 497 2085 Char.
514 2012 618 2109 goth.
637 2010 790 2087 minusc.
810 2012 903 2087 Foll.
936 2019 1014 2103 104.
1041 2013 1128 2115 sign.
1160 2040 1212 2089 ra.
1237 2012 1312 2089 stne
1334 2038 1440 2088 num.
1457 2012 1522 2089 lin.
1536 2011 1595 2087 32.
1613 2008 1654 2084 in
1672 2010 1805 2086 Textu
1830 2014 1885 2101 45.

275 2127 415 2229 glossue
432 2153 550 2228 marg.
578 2136 611 2220 4.
1564 2152 1567 2156 ·

467 2269 598 2325 Panzeri
613 2272 720 2328 Annol.
734 2270 866 2349 Typogr.
885 2274 919 2329 T.
928 2292 955 2349 9.
975 2272 1077 2350 p.426.
1097 2274 1212 2347 N.257.
1231 2270 1259 2328 b.

371 2413 517 2487 268.-
536 2412 786 2514 Compeadziem
808 2416 1074 2517 Etymologiae
1094 2433 1131 2491 et
1149 2416 1330 2516 syntaxis
1348 2416 1439 2491 artie
1454 2413 1727 2515 grammaticae
1738 2412 1889 2487 Leinon·

280 2531 786 2635 niLomeneriGuernensls.
813 2536 900 2609 Jam
926 2535 979 2609 ita
997 2533 1210 2609 absolutum
1232 2551 1345 2636 atque
1363 2533 1621 2631 recognitum,
1640 2530 1891 2631 pluribusque

279 2652 319 2726 in
334 2648 427 2724 locis
444 2648 490 2723 ab
514 2647 651 2722 eodem
671 2666 825 2725 auctore
847 2650 1046 2727 illustratus
1067 2669 1243 2739 auctum,
1265 2668 1306 2727 et
1334 2652 1373 2725 in
1395 2676 1484 2726 eum
1503 2649 1682 2737 ordinem
1695 2648 1892 2723 redactum

281 2768 465 2872 (maxime
485 2765 524 2841 in
546 2767 742 2844 volumine
762 2769 808 2844 de
829 2771 1092 2869 instructione)
1115 2770 1253 2845 utiam
1272 2795 1352 2843 non
1368 2768 1483 2842 huius
1501 2766 1593 2843 artis
1604 2766 1826 2843 rudimenta
1838 2764 1894 2839 so-

278 2892 362 2965 lum
382 2885 446 2961 sed
466 2882 583 2987 ipsam
600 2903 721 2961 artem
748 2889 1034 2985 grammaticam
1053 2888 1189 2963 itinere
1218 2889 1404 2962 videatur.
1431 2887 1508 2961 Pro
1528 2884 1679 2960 duobus
1702 2910 1752 2959 ex
1773 2884 1889 2961 fratre

277 3006 484 3106 nepotibus
495 3005 674 3105 equestris
687 3005 832 3080 ordinis
844 3006 916 3079 viri
927 3005 1416 3106 Ioannzltllobeiutriusque
1429 3003 1523 3102 juris
1534 3000 1756 3103 professoris
1767 3000 1895 3076 eximii

280 3122 513 3222 majorisque
522 3123 693 3199 ecclesiae
703 3123 1001 3198 Monasleriensls
1017 3121 1398 3221 Westsolziecanonici.
1409 3122 1525 3195 Anno
1537 3120 1589 3193 M.
1603 3118 1892 3195 cccccxvl.

279 3238 411 3314 Editio
436 3239 572 3313 ultima
596 3240 709 3340 longe
731 3241 1009 3342 castigation-
1030 3242 1135 3316 Haec
1162 3241 1200 3314 in
1227 3238 1354 3314 fronte
1386 3263 1474 3313 cum
1500 3238 1738 3313 Tetrasticho
1767 3236 1897 3311 loann.

281 3358 523 3435 Mrmelii-
539 3355 602 3429 sol.
619 3359 702 3431 eod.
720 3359 754 3432 b.
768 3360 952 3459 Epistolae
973 3360 1149 3433 llinanm'
1162 3360 1356 3433 Cameneri
1365 3357 1412 3433 ad
1432 3357 1536 3431 loen.
1548 3354 1673 3429 Debes
1688 3354 1893 3431 etc-sol.

284 3477 343 3551 68.
359 3473 423 3547 lin.
439 3499 496 3546 21.
511 3473 585 3545 hoc
598 3474 837 3573 praeclarum
848 3479 1114 3574 grammaticae
1130 3475 1355 3576 opusculum
1372 3501 1418 3550 ex
1434 3473 1590 3573 optimis
1604 3470 1889 3575 clarissimisque

290 3589 512 3668 auctoribus
526 3592 728 3666 collectum
745 3591 964 3693 impressum
980 3610 1018 3668 et
1037 3597 1211 3668 Coloniae
1226 3594 1265 3666 in
1277 3593 1433 3667 oslicina
1443 3590 1627 3666 litteraria
1640 3590 1899 3691 ingenuorum

288 3711 478 3787 librorum
499 3709 676 3813 Queatell.
703 3712 818 3787 Anno
843 3742 865 3788 a
893 3715 1007 3789 natali
1027 3712 1226 3789 christiano
1248 3712 1300 3785 Μ.
1310 3712 1358 3785 D.
1371 3711 1478 3784 XVl.
1503 3709 1544 3783 in
1570 3708 1769 3785 lanuario.
1785 3707 1900 3785 Char.

288 3830 392 3933 goth.
415 3828 593 3907 minutiis.
608 3828 742 3931 glossae
759 3856 878 3933 marg.
900 3833 977 3908 soll.
993 3834 1050 3909 68.
1067 3844 1146 3908 non
1162 3830 1249 3930 stgn.
1268 3829 1332 3903 lin.
1352 3829 1409 3919 43.
1437 3854 1471 3903 a.
1572 3861 1581 3935 Ι·
1630 3814 1634 3823 ’
1694 3858 1700 3867 ·
1769 3814 1773 3823 ’

481 3970 585 4027 Editio
603 3970 750 4043 Analyssis
767 3973 962 4030 verifimiliter
978 3968 1141 4029 hucmdum
1158 3970 1320 4047 incognita.

385 4106 654 4205 adp-Sicuti
667 4106 911 4208 antiquarum
923 4106 1130 4181 lectionum
1150 4100 1444 4178 commentarios
1456 4099 1805 4177 concinnaratolim
1814 4098 1897 4174 rin-

293 4223 366 4297 dex
389 4220 566 4319 Ofilius,
582 4224 634 4299 ita
651 4250 754 4300 nunc
775 4226 932 4301 eosdem
945 4226 1015 4326 per
1032 4223 1220 4299 incuriam
1238 4221 1471 4321 interceptos
1491 4219 1687 4321 repararit
1702 4218 1902 4293 Lodorzitus

296 4340 444 4412 Caeliis
460 4339 705 4431 Rhodicinus,
726 4345 764 4417 in
782 4344 957 4447 corporis
977 4368 1095 4417 unam
1114 4339 1220 4416 velut
1237 4341 1379 4413 molem
1396 4339 1550 4439 aggestis
1568 4336 1902 4439 primumlinguae

292 4457 495 4556 utriusque
513 4457 689 4547 floribus,
710 4488 801 4536 mox
811 4464 996 4538 advocato
1011 4460 1058 4535 ad
1071 4474 1198 4561 partes
1210 4458 1365 4531 Platone
1382 4458 1494 4544 item,
1512 4482 1555 4531 ac
1567 4452 1904 4531 Pldtomitisomni·

292 4577 383 4663 bus,
401 4600 473 4649 nec
493 4602 573 4649 non
593 4575 800 4674 Aristotele,
822 4608 865 4656 ac
884 4581 1073 4678 haereseos
1088 4575 1259 4652 eiusdem
1277 4574 1368 4650 viria
1379 4575 1480 4661 aliia,
1498 4573 1561 4649 sed
1577 4588 1618 4649 et
1631 4574 1905 4675 theologorum

295 4695 505 4798 plerisque,
524 4722 566 4769 ac
578 4695 944 4793 jureconsultorum,
957 4714 1001 4771 ut
1015 4695 1185 4768 medicos
1201 4709 1365 4782 taceam,
1383 4712 1422 4769 et
1436 4693 1619 4769 mathesin
1630 4690 1836 4795 professos,
1854 4712 1902 4767 ex

296 4841 373 4915 ΨΜ
387 4816 450 4892 vel
467 4842 512 4912 ut
530 4821 703 4908 lectionis
725 4819 914 4935 farragine
938 4814 1176 4917 explicantur
1196 4812 1345 4913 linguae
1363 4814 1503 4890 latinae
1525 4813 1629 4901 loca.
1649 4810 1902 4931 quadringen-
