4320 5700
638 617 878 692 drrnrosos
903 620 1281 687 sinuosasrrrrcus
1305 624 1520 684 nnxxxvr.
1596 601 1599 608 ’
1818 610 1886 706 ¹73

276 840 370 888 nere
392 855 435 870 -·
452 814 513 885 De
528 803 735 911 privilegiis
751 809 980 884 clericorum
993 851 1044 868 --
1058 805 1119 882 De
1140 805 1446 906 exemptionibus
1468 848 1516 863 —-
1534 805 1594 878 De
1612 802 1826 878 carceribus
1837 847 1884 862 -

276 932 335 1006 De
355 929 554 1005 alimentis.
573 975 617 988 -
633 929 738 1003 Haec
757 928 797 1001 in
815 928 942 1002 fronte
960 971 1008 988 -
1024 927 1086 1000 fol.
1104 925 1241 1000 eodem
1255 924 1289 998 b.
1309 924 1497 1024 incipiunt
1520 923 1621 997 casus
1639 965 1686 981 -
1704 921 1750 996 ad
1767 922 1883 997 finem

275 1049 338 1124 fol.
358 1047 582 1148 exspliciunt
597 1046 730 1146 gloliae
749 1063 787 1121 et
815 1047 915 1144 leges
936 1045 1113 1146 speciales
1135 1044 1314 1118 collectae
1339 1069 1409 1143 per
1425 1040 1626 1116 dominum
1642 1039 1886 1114 Guillrelmum

236 1170 240 1176 ’
276 1169 320 1242 de
339 1168 439 1240 Ludo
461 1166 588 1264 legum
611 1165 812 1239 doctorem
832 1208 881 1221 -
895 1163 960 1236 fol.
981 1164 1117 1237 eodem
1142 1162 1176 1235 b.
1206 1162 1344 1241 finiunt
1367 1160 1559 1235 tractatuli
1584 1201 1634 1218 -
1663 1159 1777 1232 Glole
1798 1158 1884 1250 libri

277 1284 554 1360 institutionum
573 1327 624 1341 -
641 1282 753 1358 Glose
772 1282 973 1381 fingulares
995 1281 1182 1354 librorum
1201 1279 1484 1354 autenticorum
1505 1320 1556 1336 —
1579 1293 1705 1353 textus
1730 1293 1769 1352 et
1786 1277 1885 1376 glole

276 1402 477 1502 singulares
508 1400 653 1474 domini
674 1399 880 1473 Gur'llrelmi
893 1398 939 1473 de
956 1398 1058 1471 Ludo
1080 1398 1207 1496 legum
1217 1396 1395 1516 Jdoctoris
1412 1393 1707 1471 excellentillirni
1725 1437 1769 1451 -
1796 1422 1883 1470 curn

162 1536 166 1543 '
278 1518 423 1595 duabus
442 1518 668 1617 imaginibus
683 1518 794 1592 Doct.
815 1517 972 1617 legentis
992 1514 1233 1590 etscribentis
1248 1560 1292 1575 -
1306 1512 1417 1589 Char.
1436 1514 1539 1615 goth.
1561 1514 1715 1590 minusc.
1734 1514 1813 1588 foll.
1826 1515 1885 1588 56.

279 1664 360 1712 non
376 1637 524 1738 signata.
540 1635 603 1708 lin.
620 1636 677 1708 32.
699 1636 733 1708 8.
760 1638 824 1708 Ex
837 1632 1298 1709 collationaHerbizzana.

470 1793 561 1852 Liber
581 1793 689 1849 nullibi
706 1793 874 1849 recenfitus:
894 1793 1048 1848 secundum
1069 1792 1261 1849 characterem
1284 1791 1447 1848 litterarum
1464 1792 1659 1849 verifimiliter
1682 1811 1718 1847 ex
1743 1808 1886 1868 typogra-

567 1886 639 1962 phi-a
659 1887 810 1962 Queneellr'.

216 2116 220 2129 =
374 2079 456 2175 57¹·
482 2119 532 2181 .-
555 2078 715 2151 Joannr's
731 2075 976 2176 Hostnbergri'
998 2075 1173 2162 Bobemi,
1201 2075 1247 2150 ad
1264 2074 1600 2161 Lutheranorurn‚
1628 2074 1818 2174 famosum
1845 2075 1889 2149 li·

275 2177 437 2283 Bellum,
451 2222 595 2299 recens
622 2194 890 2294 Wittenbergae
918 2194 1084 2281 editum,
1116 2192 1311 2294 responsio·
1330 2235 1381 2250 -
1401 2193 1506 2268 Haec
1524 2193 1564 2267 in
1586 2193 1714 2268 fronte
1731 2227 1781 2250 -κ
1799 2220 1888 2269 curn

278 2314 468 2392 tetrastico
488 2357 537 2372 -
551 2314 615 2388 fol.
637 2314 719 2388 eod.
744 2314 780 2387 b.
804 2312 1050 2413 Hasenbergr'r'
1062 2313 1225 2413 Epistola
1242 2311 1288 2387 ad
1310 2313 1443 2386 Joann.
1467 2313 1576 2385 Zacl.
1598 2356 1646 2372 -
1668 2308 1889 2413 Subscripta

274 2459 326 2507 ex
344 2431 479 2536 Lypsrir
500 2430 661 2505 inferiis
681 2431 718 2505 8.
736 2413 960 2533 Hrirrorrymi.
981 2431 1064 2507 finit
1085 2431 1149 2506 fol.
1168 2433 1222 2505 16.
1238 2431 1302 2505 lin.
1325 2458 1354 2504 ι.
1374 2456 1464 2504 cum
1483 2429 1637 2504 disticho
1663 2429 1706 2503 in
1725 2429 1886 2504 famosos

279 2550 467 2627 homines.
485 2590 530 2608 -
548 2548 659 2624 Char.
678 2550 739 2624 lat.
759 2575 848 2624 cum
866 2549 996 2650 figuris
1016 2563 1054 2624 et
1067 2547 1167 2658 gloss.
1185 2574 1303 2650 marg.
1324 2546 1401 2623 foll.
1421 2549 1474 2625 16.
1496 2539 1577 2624 non
1587 2547 1675 2650 fign.
1693 2548 1757 2622 lin.
1775 2555 1832 2638 4ο.
1853 2556 1887 2638 4.
1925 2556 1928 2562 ’

474 2687 591 2745 Confer.
604 2689 721 2749 aanor
737 2688 812 2746 Lu.
830 2688 886 2774 litt.
905 2691 941 2746 Τ.
951 2707 978 2745 a.
994 2710 1024 2764 p.
1037 2689 1116 2765 1395.

375 2833 457 2975 ἐμ.
477 2919 520 2937 -
540 2875 705 2979 Epistola
720 2877 1058 2955 arianonorum
1068 2878 1271 2964 Mosarna,
1293 2904 1366 2978 pro
1385 2877 1599 2952 aerenfione
1613 2875 1892 2975 rosana-rasse

161 3014 164 3019 ’
280 2995 328 3072 ad
351 2995 556 3071 concilium
581 2995 869 3084 constantiense,
901 2994 1166 3096 commendata
1180 2994 1298 3070 literis
1318 2994 1562 3070 adulescentis
1581 2994 1798 3084 cuiusdam,
1828 3023 1889 3071 ar·

280 3113 451 3214 gumenti
468 3112 552 3189 vice
571 3113 749 3214 appolitis
767 3144 816 3171 -·
834 3116 940 3189 Haec
965 3114 1004 3188 in
1031 3113 1157 3189 fronte
1181 3113 1300 3188 limbo
1323 3113 1516 3213 splendido
1535 3112 1723 3209 decorata.
1740 3157 1789 3174 -
1810 3115 1877 3190 fol.

285 3256 339 3308 ro.
365 3230 429 3305 lin.
451 3260 483 3329 7,
510 3231 595 3331 finis
614 3232 854 3332 --sequitur
872 3247 999 3305 textus
1024 3258 1103 3305 non
1125 3232 1219 3305 nulli
1244 3231 1450 3333 scripturae
1476 3248 1610 3308 contra
1630 3229 1883 3308 incendiarios

280 3348 499 3424 homicidas.
519 3392 560 3406 -
582 3349 694 3423 Char.
708 3350 866 3462 lat3soll.
889 3375 942 3422 10.
960 3375 1039 3423 non
1062 3349 1148 3449 fign.
1165 3349 1228 3423 lin.
1246 3356 1347 3446 274.
1390 3410 1396 3423 .

468 3491 504 3543 In
523 3487 732 3545 recenlionibur
750 3488 914 3546 hucusdum
931 3507 992 3544 non
1009 3487 1148 3545 exhibita.

372 3678 455 3776 57&
481 3718 528 3734 -
555 3677 729 3752 Andreae
745 3679 1252 3781 Serr'caudiErytropolitani
1273 3670 1413 3756 chorea
1428 3682 1582 3770 mortis,
1603 3680 1778 3780 elegiacis
1798 3707 1884 3755 ver-

278 3794 397 3871 riculis
417 3811 604 3872 contexta.
630 3797 830 3873 Justillirno
850 3798 1010 3900 perinde
1027 3797 1170 3872 senatui
1195 3798 1482 3897 rotenburgenfi
1508 3798 1688 3874 dedicata.
1714 3841 1763 3855 -
1779 3799 1885 3873 Haec

278 3911 320 3986 in
341 3913 468 3990 fronte
487 3940 576 3989 curn
600 3915 709 3990 icone
730 3932 768 3990 et
787 3917 909 3992 tribus
933 3914 1113 4002 distichis,
1140 3915 1279 4015 quihus
1306 3941 1411 3990 mors
1437 3917 1571 3991 lectori
1598 3915 1779 4017 loquitur.
1802 3915 1887 3990 finit

276 4028 343 4104 fol.
363 4032 397 4105 8.
413 4032 476 4106 lin.
503 4035 556 4107 15.
577 4032 703 4108 verbis
723 4032 871 4135 semper
893 4032 979 4109 eris.
1000 4032 1097 4108 infra
1114 4033 1186 4109 alia
1204 4033 1301 4137 icon.
1322 4033 1432 4108 Char.
1451 4034 1581 4135 grand.
1600 4034 1677 4107 foll.
1700 4059 1780 4106 non
1798 4032 1884 4135 [ign.

281 4148 315 4222 8.
332 4149 395 4224 lin.
416 4150 473 4224 30.
489 4151 525 4225 8.

427 4330 431 4337 -
470 4292 565 4346 Autor
584 4306 610 4346 et
629 4290 798 4367 opusculum
814 4295 931 4368 penitus
949 4295 1101 4370 ignotums

301 4503 306 4510 -
377 4459 518 4555 574-
534 4462 644 4560 Heffi'
665 4463 862 4560 (Stinoms)
890 4463 1167 4539 demonstratio,
1187 4464 1474 4563 Argumentum·
1492 4461 1641 4538 Libelll.
1660 4463 1785 4537 Simon
1796 4462 1886 4561 Hes·

270 4575 340 4675 sus
355 4575 514 4653 laudere
529 4581 688 4655 ostendit
703 4583 845 4669 causas,
871 4609 989 4683 quare
1010 4584 1184 4658 luterana
1201 4582 1378 4683 opuscula
1405 4609 1426 4657 a
1447 4581 1732 4656 Colonienfibus
1753 4597 1791 4655 et
1809 4580 1885 4655 Lo-

283 4694 483 4771 vanienfib.
507 4697 576 4772 [int
599 4700 785 4775 conbusta.
813 4701 851 4775 id
877 4699 998 4802 ipsum
1026 4701 1130 4776 enim
1151 4701 1248 4802 petit
1271 4701 1453 4775 Martinus
1488 4701 1528 4774 in
1549 4701 1677 4774 libello
1697 4698 1884 4800 quodam,

282 4809 347 4885 obi
364 4814 554 4916 rationem
571 4818 696 4896 reddit
711 4817 799 4896 facti
817 4817 883 4895 lui.
902 4846 993 4897 nam
1010 4820 1072 4898 ob.
1089 4820 1219 4896 XXX.
1239 4819 1417 4896 articulos
1435 4845 1617 4896 erroneos
1632 4819 1671 4892 in
1685 4816 1884 4920 papalibus
